3158 5158
768 454 909 510 ..90-

328 583 468 679 pientia
489 599 607 656 amore
622 578 858 654 vehementius
880 580 1095 668 tenebantur,
1114 580 1139 650 ii
1157 581 1370 655 voeubantur

322 698 548 799 proficientes
561 696 588 788 ¹,
609 696 725 785 idest,
741 697 1045 790 quiproseotusad
1063 696 1263 791 sapientiam
1281 701 1370 772 faee-

327 826 417 905 rent,
445 825 480 888 et
496 812 543 888 ad¹
556 835 632 886 eam
650 814 836 909 composito
856 813 965 905 gradu
985 813 1216 907 proaedereut.
1240 815 1276 886 ln
1300 825 1370 888 tres

327 928 454 1004 classes
470 929 724 1018 dividebantur,
740 939 841 1022 prout
853 929 998 1022 quisque
1013 930 1058 1000 ad
1070 931 1251 1023 perfectam
1262 933 1370 1003 virtu-

327 1058 396 1121 tem
413 1047 552 1142 propius
569 1056 769 1119 auoesserat.
788 1047 864 1116 Nou
883 1046 970 1117 adeo
983 1045 1172 1136 omnesqui
1185 1046 1220 1116 iu
1236 1047 1368 1121 scholas

327 1166 522 1255 veniebant,
553 1163 777 1257 philosophiae
803 1169 899 1232 erant
930 1160 1034 1232 dediti
1065 1171 1253 1248 amatores;
1286 1185 1366 1236 uam

328 1280 439 1367 multi,
459 1288 498 1350 ut
514 1279 561 1350 ait
574 1281 713 1367 Seneca,
734 1277 853 1368 longus
866 1297 975 1348 anuos
994 1277 1158 1348 sedenter
1169 1278 1230 1350 vix
1244 1278 1367 1351 doetri-

329 1417 384 1467 uae
398 1396 545 1466 colorem
561 1395 708 1483 duouut3
730 1393 827 1465 multi
841 1395 948 1465 verba
966 1403 999 1464 et
1014 1416 1115 1466 sonos
1136 1403 1288 1490 uaptaut,
1309 1419 1368 1468 ar-

315 1520 497 1615 ¹gutasquo
517 1521 576 1582 aut
594 1511 743 1604 grandes
764 1510 948 1581 sententias
963 1531 1049 1603 quas
1066 1511 1101 1580 in
1118 1513 1369 1585 commentariis

333 1625 404 1700 suis
422 1630 649 1717 conseribant,
679 1627 764 1698 etin
786 1627 911 1718 vulgus
932 1628 1187 1719 circumierant,
1206 1631 1303 1699 multi
1325 1631 1370 1703 ad

330 1765 443 1817 rerum
460 1745 729 1838 magnitudinem
746 1743 950 1830 excitantur,
968 1743 1029 1815 eed
1049 1745 1108 1815 ubi
1132 1765 1204 1815 von
1227 1745 1370 1817 dioeutis

330 1857 439 1951 desiit,
454 1862 563 1932 trautu·
577 1861 719 1953 impetu,
739 1879 857 1930 rursus
869 1861 984 1950 jaueut
997 1861 1023 1926 2.

378 1979 503 2072 Magno
524 1980 647 2072 plausu
671 1986 705 2048 et
722 1975 926 2047 elamoribus
956 1976 1097 2046 summis
1114 1975 1249 2048 auditos
1265 1978 1369 2050 brisso

329 2097 548 2192 philosophus
565 2103 707 2166 onustat.
720 2094 765 2165 lis
781 2091 816 2164 in
830 2093 980 2165 subulam
992 2093 1208 2183 intrantibus,
1228 2093 1370 2166 circum·

330 2212 524 2308 strepebant
538 2211 697 2283 seeuudae
707 2229 822 2297 voces,
839 2209 1055 2302 etpopuiaris
1068 2211 1176 2298 favor,
1190 2210 1369 2306 studiaque

330 2328 568 2423 pantomimica
589 2328 616 2394 ⁸.
641 2326 706 2398 Ubi
730 2326 1005 2418 veredisputare
1022 2335 1172 2419 ooeperat
1193 2329 1365 2420 magister,

329 2446 409 2517 bino
423 2454 525 2536 atque
537 2443 627 2513 illiue
640 2465 761 2516 manus
778 2443 913 2512 auditor
931 2442 1129 2530 intentabat,
1149 2451 1182 2514 et
1200 2465 1303 2537 super
1320 2444 1369 2538 ip-

331 2583 407 2633 sum
429 2559 569 2632 dicentis
583 2568 685 2652 eaput
703 2559 804 2629 turba
815 2557 1027 2629 laudantium
1039 2558 1277 2630 eonsistebat⁴.
1293 2560 1369 2654 lpse

329 2675 538 2772 plerumque,
560 2673 767 2768 pantomimo
782 2683 840 2744 aut
858 2672 1013 2746 comoedo
1030 2673 1161 2765 similis,
1186 2676 1241 2746 vel
1258 2685 1368 2768 poetae

365 2897 371 2926 ¹
386 2901 435 2963 Ep.
450 2917 526 2950 mv.

362 2996 372 3026 ²
387 2998 480 3059 «Quid
496 2999 573 3059 ergo?
586 3005 639 3047 nun
656 2995 773 3048 norimus
787 2995 926 3059 quosdam,
941 2997 986 3059 qui
1002 2997 1090 3048 multis
1110 2995 1176 3058 spuo
1189 2997 1367 3062 philosophum

327 3088 401 3138 runis
415 3087 584 3149 persederint,
593 3090 658 3138 etue
670 3085 891 3149 euloremuuruem
910 3086 1150 3147 duxerinttouidut
1166 3087 1298 3139 ueremur!
1309 3101 1369 3150 per-

327 3176 494 3226 tinacissimus
504 3175 608 3238 quidem
623 3175 770 3226 etsssidues
785 3191 792 3226 a
807 3188 870 3238 quos
882 3187 928 3237 ego
941 3188 993 3226 uuu
1007 3174 1364 3242 discipulospbilusopboruru,

327 3265 372 3316 sed
384 3265 601 3327 inquilinosvoeo.
615 3265 724 3326 Quidem
742 3265 849 3316 veniunt
869 3269 898 3316 ut
908 3265 1020 3322 audiunt,
1030 3277 1083 3314 uon
1099 3266 1253 3317 utdisuent:
1267 3265 1366 3316 sicutte

327 3355 451 3406 tbestrum
465 3353 601 3416 rutuutrus
622 3365 695 3405 eruor
706 3354 738 3404 rd
753 3354 913 3405 deteutsudss
930 3367 1013 3416 aures,
1029 3355 1156 3414 oratione,
1175 3355 1215 3406 rei
1228 3367 1306 3418 vose,
1325 3356 1366 3406 vet

327 3444 418 3494 tabuiis
432 3443 685 3505 decimumnonum
697 3444 763 3492 brus
775 3443 917 3493 auditorum
930 3448 1027 3506 partem
1037 3444 1152 3508 ridebis,
1170 3444 1211 3495 eui
1222 3444 1365 3506 philosophi

326 3532 410 3584 sebois
430 3532 596 3582 diversorium
611 3531 656 3581 otii
669 3532 736 3583 rit...
753 3531 830 3594 ntiqui
848 3537 931 3584 tarueu
952 3538 1044 3584 ereum
1061 3532 1225 3596 pugillaribus
1242 3533 1362 3596 veniunt,

327 3633 380 3671 uon
392 3624 421 3671 ut
433 3633 473 3670 res
492 3620 632 3682 eruiptsut,
646 3619 690 3672 sed
709 3620 818 3672 verbe...
829 3620 938 3681 Quidum
955 3621 986 3671 sd
999 3621 1145 3684 magnificus
1158 3633 1231 3672 voees
1251 3622 1364 3674 sretteu-

326 3715 383 3773 tur,
399 3713 425 3760 et
448 3713 580 3758 transeunt
601 3709 627 3758 tu
649 3710 767 3759 attentum
783 3709 940 3769 dicentium,
960 3709 1053 3760 eineres
1074 3709 1146 3760 uultu
1166 3711 1302 3776 etentm03
1317 3721 1364 3761 uec

326 3798 398 3848 aliter
405 3799 572 3860 concitantur,
580 3809 656 3861 uuam
668 3798 752 3850 soient
760 3799 859 3861 Phrygii
871 3799 980 3850 tibicinis
989 3811 1051 3850 suno
1059 3799 1171 3850 semiviri
1183 3806 1207 3850 et
1217 3813 1246 3851 ex
1257 3800 1363 3863 imperio

327 3887 448 3938 furentes.
464 3889 539 3950 Rupit
551 3887 608 3940 titur
625 3887 777 3952 instigatque
796 3899 879 3938 rerum
897 3887 1072 3949 pulchritudo,
1086 3900 1139 3938 nun
1153 3889 1289 3940 verborum
1307 3890 1364 3939 iue-

327 3978 399 4028 ntum
410 3977 627 4030 sonitus...1'euei
641 3977 721 4036 ittam,
735 3988 812 4040 quam
824 3983 1003 4042 conceperant,
1014 3982 1127 4028 mentem
1139 3977 1243 4028 domum
1254 3977 1365 4041 perterre

326 4070 472 4128 potueruut.
487 4079 502 4116 s
514 4067 570 4129 (Ep.
582 4066 663 4130 urm.)

362 4160 372 4190 ⁸
386 4175 401 4212 a
415 4163 443 4214 st
455 4167 479 4214 te
489 4163 574 4214 videro
587 4163 713 4216 eelebrent
723 4161 841 4213 seeuudis
851 4162 1029 4224 uootbusruigt
1040 4196 1048 4225 ,
1061 4161 1082 4212 si
1094 4163 1204 4213 intrante
1215 4165 1249 4225 te,
1258 4161 1362 4227 elamor,

327 4253 441 4317 plausus,
449 4257 476 4303 et
488 4252 665 4314 pantomimica
677 4256 825 4307 urnrmeutr
837 4249 1038 4315 obstrepuerint,
1053 4251 1141 4313 quidni
1160 4259 1207 4313 epe
1222 4252 1257 4302 tui
1275 4253 1356 4302 ruiss-

326 4347 451 4392 rear...?·
467 4343 524 4407 (Ep.
538 4338 621 4404 xxix.)
933 4327 937 4344 ⁴

364 4435 371 4465 ⁴
388 4455 402 4485 α
415 4440 481 4489 Hine
491 4438 561 4488 iliine
577 4437 725 4502 philosopho
744 4450 833 4488 meuus
853 4437 952 4488 auditor
964 4438 1082 4504 intentat,
1095 4441 1121 4488 et
1134 4449 1209 4501 super
1221 4437 1304 4501 ipsum
1317 4449 1359 4488 ea·
