3168 5150
783 486 924 541 „20-

335 619 399 682 nus
421 613 566 681 facetum
595 633 635 680 ac
652 623 847 701 venustum,
862 612 953 706 quod
978 611 1180 704 gravitatem
1202 612 1375 704 sapientiae

335 725 406 794 risu
424 734 457 795 et
470 725 617 796 amicitia
635 735 813 819 temperat,
837 737 870 798 et
891 729 1030 797 circam
1040 722 1248 823 praecordio
1262 723 1373 798 ladit.

337 881 380 894 -
395 843 523 914 Graecis
535 842 674 934 quidem
693 845 879 932 sententiis,
902 845 963 915 sed
976 844 1045 915 suis
1066 843 1218 913 moribus
1237 864 1277 914 ac
1293 867 1377 916 ver-

333 957 387 1028 bis
400 958 657 1052 philosophatus
674 971 726 1030 est
744 961 915 1031 Horatius.
1328 983 1331 986 ·

163 1085 304 1152 bellantia
383 1075 509 1144 Multus
537 1084 587 1145 est
614 1075 772 1146 Horatius
798 1075 995 1146 inscientia
1021 1096 1153 1147 morum
1176 1076 1374 1164 excolenda,

156 1139 316 1248 inimi?
333 1199 463 1260 ceteras
479 1211 560 1260 vero
578 1190 802 1283 philosophiae
824 1200 937 1284 partes
955 1191 1054 1283 plane
1068 1191 1213 1262 omittit:
1240 1214 1304 1262 nec
1325 1213 1376 1262 eae

167 1247 277 1292 naturaliu

178 1263 301 1348 ⁵i¹¹d³⁰⁸³⁸sn
332 1307 470 1400 quidem
484 1305 668 1376 admodum
692 1307 764 1378 sine
774 1309 903 1379 honore
914 1309 1085 1398 jacebant.
1108 1307 1273 1391 Quamvis
1287 1307 1377 1379 enim

331 1424 486 1496 Socrates
506 1423 703 1518 sapientiam
717 1445 736 1494 e
752 1425 838 1495 coelo
857 1433 1034 1495 avocasset
1046 1433 1080 1494 et
1104 1423 1138 1491 in
1166 1432 1289 1494 terram
1312 1423 1377 1494 hu·

330 1561 517 1634 manosque
529 1541 661 1612 animos
675 1536 880 1643 deflexisset,
901 1541 957 1612 illa
970 1563 1040 1614 non
1059 1540 1135 1613 ideo
1145 1562 1220 1634 sese
1232 1540 1285 1610 his
1298 1538 1378 1610 lini-

330 1655 395 1728 bus
408 1656 605 1743 incluserat,
625 1655 684 1726 sed
703 1656 873 1728 interdum
891 1656 937 1728 ad
951 1657 1103 1729 coelestia
1118 1657 1261 1727 libenter
1280 1656 1377 1727 exsi-

330 1771 444 1842 liebat.
472 1772 560 1842 Nam
576 1780 623 1841 tot
649 1773 944 1843 rerummiracula
963 1793 1067 1866 supra
1085 1780 1185 1866 capnt
1199 1772 1373 1864 fulgentia,

331 1895 490 1958 naturam
498 1887 666 1974 siderum,
684 1889 851 1976 ordinem,
866 1911 998 1975 cursus,
1020 1887 1301 1992 *celeritatemque
1325 1888 1375 1956 ina

331 2001 536 2092 credibilem,
549 2003 638 2073 hanc
652 2003 795 2096 denique
805 2003 922 2073 mundi
932 2001 1230 2098 pulchritudinem,
1241 2004 1376 2097 sapiens

332 2117 440 2189 avidis
466 2119 572 2190 oculis
602 2121 842 2214 perlustrabat,
861 2130 899 2190 ut
917 2121 1009 2212 leges
1027 2128 1199 2192 tantorum
1216 2139 1372 2214 operum,

331 2232 468 2324 vimque
481 2235 635 2307 Numinis
649 2237 807 2306 latentem
822 2237 921 2307 simul
938 2247 970 2308 et
984 2236 1134 2330 undique
1146 2237 1377 2328 erumpentem

332 2357 613 2440 perscrutaretur.
626 2353 654 2422 A
666 2353 824 2423 Cicerone
831 2353 1023 2444 accepimus
1033 2353 1157 2421 multos
1169 2353 1256 2420 inter
1268 2351 1377 2442 philo-

334 2466 520 2558 sophorum
535 2469 716 2562 principeS,
733 2469 969 2558 Dicaerchum,
984 2467 1225 2561 Chrysippum,
1245 2465 1376 2559 Cratip-

335 2579 1379 2678 pum,lliogenemBabylonium,Antipatrum,Panoetium,de

335 2697 502 2770 sideribus
534 2701 661 2794 aliquid
687 2699 878 2792 scripsisse;
899 2697 1022 2791 etipse
1053 2697 1099 2768 Μ.
1139 2697 1279 2784 Tullius,
1300 2719 1378 2768 curn

333 2814 494 2906 sapientis
518 2817 699 2887 adumbrat
717 2813 878 2904 effigiem,
901 2814 992 2883 hunc
1008 2813 1100 2901 iacit,
1126 2835 1147 2883 a
1164 2813 1379 2884 terrestribus

334 2932 437 3003 rebus
451 2935 660 3026 expeditum,
674 2933 720 3003 ad
727 2931 881 3031 coelestes
894 2952 1089 3022 exsurgere,
1103 2940 1136 3000 et
1145 2938 1241 3002 extra
1251 2925 1382 3005 orandi

335 3060 430 3116 tecta
435 3045 680 3142 flammantia
700 3045 896 3140 procedere,
917 3056 955 3117 ut
972 3046 1028 3116 hic
1045 3045 1107 3117 Dei
1130 3055 1300 3133 naturam,
1318 3046 1380 3115 hn-

226 3247 230 3254 ,
334 3165 493 3257 manique
509 3164 613 3234 animi
638 3173 750 3234 teneat
776 3163 954 3254 originem,
989 3171 1023 3233 et
1044 3163 1180 3235 assiduo
1209 3172 1379 3233 tantarum

334 3301 449 3368 rerum
460 3281 651 3374 spectaculo
666 3290 789 3350 terram
802 3288 1017 3350 contemnere
1028 3288 1198 3350 assuescat
1210 3279 1236 3347 ¹.
1253 3277 1299 3348 P.
1316 3273 1381 3349 Ni·

334 3392 477 3492 gldium
494 3392 686 3490 Figulum,
708 3418 751 3466 ex
778 3396 967 3488 aequalibus
986 3395 1167 3483 Ciceronis,
1187 3393 1379 3465 Macrobius

374 3564 379 3592 ¹
393 3562 436 3616 Dc
450 3561 538 3617 divin.
553 3584 571 3628 1,
585 3565 650 3617 2.-
664 3561 743 3619 Taso.
755 3562 787 3631 Q.
804 3580 832 3627 v,
845 3567 890 3627 ai,
906 3567 950 3618 25.
963 3592 998 3603 —
1009 3567 1038 3617 P.
1052 3561 1149 3616 Philus
1165 3565 1193 3614 in
1209 3563 1290 3625 primo
1304 3563 1379 3624 Reip.

337 3653 476 3711 librauit:
497 3668 511 3698 u
527 3654 623 3702 Omnes
631 3654 718 3703 avidos
731 3654 860 3717 snpientia
875 3655 985 3718 cognitio
999 3654 1052 3715 ipsa
1063 3665 1148 3702 rerum
1164 3651 1304 3702 coelestium
1319 3663 1380 3700 con·

337 3741 505 3803 sideratioque
520 3743 636 3792 delectat.
651 3759 665 3790 n
680 3742 721 3807 (O.
738 3742 781 3805 15,
797 3741 892 3798 ΓΙ.)-
903 3763 916 3788 «
931 3744 1062 3803 Idemque,
1079 3754 1158 3803 quum
1172 3741 1279 3798 coelurn,
1292 3743 1380 3796 terras,

337 3830 571 3891 moderatumque
586 3832 701 3880 omniurn
715 3837 830 3881 naturam
841 3831 1005 3894 perspexerit,
1017 3843 1096 3892 eoque
1109 3829 1177 3880 unde
1193 3832 1319 3891 generata,
1332 3840 1381 3889 qno

338 3923 477 3982 recurrant,
492 3919 604 3986 quando,
624 3933 674 3982 quo
686 3921 763 3970 modo
778 3921 886 3983 obitura,
901 3920 960 3982 quid
982 3921 1009 3969 in
1031 3920 1061 3968 iis
1074 3919 1179 3968 mortale
1200 3923 1225 3967 et
1244 3917 1380 3975 caducum,

339 4009 399 4071 quid
414 4009 529 4059 divinum
546 4015 720 4074 eternumque
741 4011 887 4069 dividerit,
907 4012 1041 4071 ipsumque
1055 4022 1084 4058 ea
1102 4007 1277 4057 moderantem
1297 4012 1322 4056 et
1336 4019 1381 4056 re·

340 4103 440 4160 gentem
452 4111 523 4160 pane
534 4101 729 4160 prehenderit...
744 4103 773 4150 In
787 4101 832 4150 hac
842 4099 885 4150 ille
899 4099 1086 4162 magnificentia
1099 4109 1185 4146 rerum
1196 4132 1203 4156 ,
1215 4095 1323 4157 atquein
1335 4096 1382 4144 hoc

340 4191 475 4248 conspectu
495 4192 520 4237 ct
533 4189 677 4250 cognitione
694 4194 807 4248 natura,
821 4189 857 4239 dii
879 4187 1051 4250 immortales,
1063 4199 1139 4248 quarn
1155 4186 1208 4247 ipse
1231 4198 1258 4234 se
1279 4183 1380 4234 noscet!

341 4289 416 4340 quam
427 4282 589 4338 contemnet,
604 4292 678 4341 quarn
693 4277 830 4339 despiciet,
840 4291 916 4340 quarn
934 4291 978 4339 pro
996 4276 1076 4326 nihilo
1091 4275 1189 4339 putabit
1199 4288 1228 4325 ea
1238 4285 1293 4337 quc
1307 4272 1382 4334 vulgo

340 4366 459 4426 dicuntur
478 4357 646 4430 amplissima!
666 4385 680 4416 s
706 4365 754 4432 (De
772 4363 823 4434 lep.
849 4369 866 4420 l.
882 4364 990 4432 XXlil.)
1007 4369 1044 4418 Ea
1062 4379 1120 4417 curn
1144 4359 1246 4418 Seneca
1268 4361 1382 4412 conierrc

341 4464 406 4514 nero
418 4457 526 4517 pretium
539 4455 586 4506 erit
598 4451 640 4524 (Q.
655 4449 693 4507 N.
706 4455 776 4517 pret.
792 4455 820 4519 ι).
