3168 5150
824 459 857 474 ..
876 433 912 490 30
931 463 965 478 ...

424 557 481 634 111.
510 558 619 634 Nemo
637 580 737 644 suum
749 568 844 654 putet
865 564 958 656 quod
974 573 1072 638 exire
1084 564 1197 658 ipsum
1209 572 1261 636 est
1281 563 1306 632 ¹.

421 719 477 790 iv.
513 720 563 791 Eo
593 721 692 792 vultu
726 720 936 795 dimittendae
978 733 1058 796 sunt
1086 723 1216 796 divitiae
1250 743 1320 817 quo
1358 743 1419 794 ao·

371 835 577 930 oipiendae².

421 988 461 1062 V.
477 976 718 1081 'Philosophiae
735 1009 804 1060 non
826 990 1075 1084 accommodari
1094 1001 1240 1088 tempus,
1266 990 1326 1064 sed
1344 988 1418 1062 dari

372 1112 504 1203 oportet
525 1131 533 1176 :
555 1106 629 1198 ipsa
643 1104 733 1180 euim
750 1108 945 1204 praecipuus
962 1120 1016 1214 est.
1025 1108 1087 1184 Dei
1099 1107 1243 1180 euitus³.

420 1263 478 1337 Vl.
505 1264 603 1334 lllum
625 1264 711 1356 elige
728 1265 947 1357 eruditorem,
977 1290 1078 1361 quern
1096 1267 1205 1360 magis
1232 1264 1364 1338 mireris
1381 1264 1417 1334 iu

372 1380 443 1453 suis
461 1403 567 1475 quam
584 1381 619 1452 in
636 1382 755 1454 alienis
771 1383 798 1452 ⁴.
1216 1404 1219 1414 ’

421 1540 491 1612 Vll.
520 1541 661 1652 Sapiunt
676 1562 762 1613 vasa
776 1541 942 1635 quidquid
961 1542 1107 1637 primum
1122 1549 1325 1636 aooeperunt
1338 1543 1364 1611 ⁵.

419 1699 507 1772 Vlll.
532 1701 610 1772 Non
645 1707 822 1772 strenuum
854 1703 1042 1799 appellabis
1070 1703 1329 1797 negotiatorem,
1357 1701 1418 1796 qui

370 1816 405 1887 in
431 1817 523 1888 nulio
552 1839 624 1888 rem
648 1817 765 1908 auxit3
798 1840 861 1890 nec
883 1840 947 1912 ego
971 1819 1062 1892 huno
1089 1818 1329 1914 philosophum
1358 1816 1417 1912 qui

370 1932 455 2004 nihil
473 1933 614 2006 invonit.

419 2093 480 2176 lx.
509 2097 568 2168 Sui
597 2096 754 2170 dominus
789 2097 931 2192 estqui
956 2119 992 2170 se
1022 2097 1246 2197 philosophiae
1283 2096 1417 2170 manci-

370 2211 502 2302 pavita

418 2372 463 2444 X.
491 2372 557 2445 Pro
581 2349 689 2446 amico
708 2395 800 2468 saepe
819 2373 906 2445 mori
920 2371 1058 2468 expedit
1075 2373 1100 2442 ⁷.

419 2539 567 2610 Exstant
590 2541 756 2634 ejusmodi
787 2540 962 2612 sententiae
981 2562 1124 2613 numero
1143 2543 1213 2612 iere
1231 2550 1365 2612 eentum
1383 2551 1416 2611 et

369 2643 630 2750 quinquaginta.
660 2659 706 2734 At
738 2657 874 2750 siquis
907 2678 1063 2750 quaerere
1089 2657 1280 2728 institueret
1311 2678 1415 2750 quam

368 2773 475 2844 multa
503 2773 672 2866 sapienter
697 2781 731 2842 et
759 2772 995 2867 philosophico
1021 2793 1116 2844 more
1142 2773 1231 2845 dicta
1257 2774 1292 2844 in
1323 2773 1417 2843 libris

368 2888 531 2962 Varronis
549 2895 739 2978 occurrant,
761 2887 817 2960 ille
834 2888 984 2984 proiecto
1000 2891 1147 2985 plurima
1167 2890 1201 2960 in
1220 2888 1417 2982 fragmentis

368 3027 448 3099 quae
465 3012 647 3100 supersunt
664 3015 822 3079 accurate
842 3007 994 3100 collecta,
1021 3009 1077 3081 vel
1096 3030 1142 3082 ex
1158 3008 1254 3092 libris
1270 3007 1313 3085 de
1330 3003 1416 3079 Lin-

368 3146 452 3220 gua
472 3121 609 3210 laena,
634 3124 688 3196 vol
711 3145 759 3196 ex
775 3119 909 3196 Satiris
926 3125 1128 3199 invenirei⁸.

405 3333 412 3362 ¹
429 3336 542 3400 Persius,
559 3337 612 3388 Set.
628 3337 730 3388 1v.Suh
745 3337 834 3388 linem.

404 3423 414 3452 ¹
433 3427 539 3487 Seneca,
553 3421 593 3478 De
604 3423 656 3479 vit.
667 3420 758 3493 beato,
772 3431 798 3478 et
810 3427 858 3490 hp.
873 3445 959 3480 nxxrv.

405 3510 415 3542 ⁸
432 3515 499 3566 vide
512 3515 601 3567 Horat.
615 3520 646 3585 et,
655 3516 789 3582 Senecam,
803 3529 861 3581 pag.
873 3517 917 3567 15.

407 3589 527 3654 ‘'Seneo.
542 3604 592 3665 Ep.
605 3621 651 3658 nn.

407 3688 417 3718 ⁵
434 3692 523 3743 Horat.
537 3693 586 3755 Ep.
600 3711 625 3754 1,
640 3711 669 3744 11.

406 3779 417 3810 ⁰
435 3783 538 3845 Epicuri
552 3783 619 3833 hene
631 3795 719 3834 vocem
733 3783 857 3834 hodierno
870 3782 912 3833 die
924 3781 973 3844 legi
985 3794 993 3831 z
1006 3794 1020 3828 u
1034 3777 1205 3842 Philosophia
1215 3777 1308 3830 servius
1318 3778 1418 3842 oportet

371 3876 400 3922 ut
412 3872 459 3922 tihi
470 3872 600 3934 contingat
609 3886 668 3924 vera
678 3873 790 3924 libertas.
799 3887 814 3924 u
824 3896 852 3911 -
864 3871 919 3923 Hoc
930 3873 998 3922 enirn
1008 3870 1092 3933 ipsum
1103 3868 1267 3934 philosophie
1277 3868 1369 3920 servire
1381 3869 1416 3918 ii·

370 3962 455 4012 bertes
470 3965 518 4014 est.
530 3958 602 4028 (See.
616 3963 665 4026 hp.
678 3961 742 4028 vm.)

408 4048 416 4078 ³
435 4053 464 4100 In
477 4051 538 4114 quid
551 4053 660 4103 amioum
672 4055 794 4116 pareret
806 4051 913 4102 habeam
928 4062 973 4113 pro
987 4061 1038 4114 quo
1051 4048 1116 4099 mori
1131 4049 1225 4110 possim
1228 4083 1282 4101 .....
1297 4043 1414 4112 (Seneca,

371 4139 420 4200 Ep.
433 4137 480 4201 rx.)
1304 4139 1306 4144 '

406 4224 416 4253 ⁶
433 4229 471 4278 De
485 4211 577 4292 'lingua
595 4228 687 4289 letina,
703 4231 805 4290 Fregm.
819 4227 896 4278 Edid.
909 4228 991 4289 legger
1004 4224 1082 4277 1837.
1094 4251 1130 4262 -
1141 4226 1216 4277 satir.
1229 4238 1256 4289 q.
1270 4239 1327 4288 sup.
1341 4224 1411 4275 edid.

372 4316 470 4368 OEhier.
481 4341 515 4354 -·
527 4318 646 4381 Repertus
660 4317 783 4368 librorum
799 4319 941 4368 averroes
960 4315 1159 4379 consotptomm
1177 4316 1263 4370 titulos
1279 4316 1307 4367 in
1327 4314 1413 4366 iiheiio

373 4405 501 4469 predicto,
517 4407 564 4459 suh
577 4407 656 4458 finem
671 4406 815 4472 (chappele,
830 4401 917 4470 1856).
