3168 5150
596 433 773 513 '-rtr-

185 583 383 671 Thraseam,
404 581 591 656 novissima
604 583 847 676 opperientem,
869 579 1224 661 confirmtbntlleme·

184 699 281 788 tries,
298 701 428 793 cynicae
442 697 661 770 institutionis
679 697 807 784 doctor,
823 707 856 768 et
873 719 951 768 oum
973 719 1014 768 eo
1027 697 1070 770 de
1087 697 1226 771 aeterni·

184 815 451 886 lateanimorum
461 813 647 884 disserebat
658 813 682 882 ¹.
699 813 826 884 Seneca
838 813 996 885 eumdem
1005 813 1224 904 Demetrium,

175 933 287 1004 -etiam
306 953 384 1002 cum
403 931 553 1000 maxime
571 919 662 1024 apud
679 931 848 1001 Neronem
862 940 950 1002 essct
963 929 1143 1021 gratiosus,
1166 931 1229 1008 sibi

177 1048 333 1119 amicitia
351 1046 563 1134 devinxerat,
587 1056 621 1118 et
640 1045 831 1135 saliebant
853 1047 913 1136 ait,
931 1042 1165 1138 conchyliatis,
1181 1067 1231 1120 se·

185 1187 266 1236 cum
280 1162 539 1266 circumferebat
558 1163 583 1232 2.

238 1278 406 1361 Quoniam
425 1278 508 1348 iilud
527 1278 697 1371 privatum
714 1276 976 1371 philosophandi
992 1297 1100 1368 genus
1115 1274 1232 1368 expla-
1262 1295 1397 1354 ιιιιιιιιι-

1252 1353 1301 1398 dern
1318 1350 1412 1406 philoso-

188 1394 361 1482 navimns,
387 1417 478 1465 nnnc
494 1393 536 1465 de
550 1394 734 1486 magistris,
765 1395 824 1488 qui
848 1394 885 1466 in
912 1414 952 1464 eo
966 1394 1001 1464 in
1024 1393 1231 1486 claruerunt,
1252 1405 1413 1516 pppeppiigqp

181 1510 342 1582 dicamus
361 1511 502 1604 aliquid.
1280 1517 1382 1561 reruni·

241 1629 395 1722 Plerique
419 1630 699 1723 philosophorum
723 1629 865 1700 Romam
892 1625 1124 1718 migrantium,
1150 1625 1237 1702 inter

184 1765 279 1836 quos
296 1745 399 1816 modo
408 1745 659 1816 nominavimus
670 1743 850 1830 Boetbnm,
867 1740 1238 1827 AthenaeumXenar-

192 1861 308 1948 chum,
328 1861 516 1934 Plutiadem
535 1863 687 1954 aliosque
704 1861 857 1952 ejusdem
876 1859 1004 1946 notat,
1021 1857 1238 1932 circulatores

193 1987 223 2048 et
238 1987 453 2072 quaestuosos
470 1979 637 2068 homines,
659 1979 747 2050 banc
759 1976 901 2048 docendi
914 1976 1078 2048 rationem
1090 1974 1240 2048 maxime

195 2097 425 2182 sectabantur,
440 2097 534 2186 quod
551 2095 677 2188 saepius
693 2117 771 2164 cum
785 2095 897 2164 fructu
909 2102 1017 2164 esset:
1040 2092 1169 2183 itaque,
1181 2091 1241 2165 ubi

197 2212 380 2306 quosdam,
393 2223 433 2300 ut
441 2211 601 2297 vidimus,
613 2209 870 2280 commentarios
882 2208 925 2278 de
940 2208 1036 2278 libris
1052 2207 1241 2302 priscorum

196 2327 476 2420 pbilosophorum
488 2327 681 2397 clarissimis
691 2325 878 2414 ediderant,
895 2325 1027 2418 sibique
1043 2326 1168 2396 famem
1182 2323 1244 2398 ali·
1329 2395 1333 2402 .

197 2465 302 2535 quam
320 2453 614 2536 comparaverant,
630 2444 676 2514 ita
689 2446 723 2512 in
737 2442 919 2513 amicitiam
934 2439 1163 2512 honestissimi
1181 2462 1245 2512 cu-

195 2561 321 2652 jusque
334 2560 488 2630 solebant
505 2561 665 2654 irrepere.
685 2561 734 2630 Eo
754 2561 860 2630 ferme
882 2557 983 2628 modo
1001 2579 1039 2634 sc
1058 2579 1114 2629 res
1130 2555 1242 2626 habe-

198 2676 279 2747 bat:
303 2675 381 2748 inde
404 2685 452 2747 tot
480 2677 712 2748 commentarii
732 2699 753 2748 a
777 2675 938 2770 quopiam
969 2682 1049 2745 tunc
1071 2676 1107 2743 in
1133 2675 1243 2744 lucem

204 2791 297 2862 editi.
318 2792 368 2861 Ea
385 2793 538 2884 vulgaris
558 2801 591 2864 et
613 2795 691 2866 trita
703 2793 747 2864 ad
760 2793 885 2863 samam
907 2799 941 2862 et
957 2790 1001 2862 ad
1018 2790 1155 2862 divitias
1171 2787 1241 2864 uia·
1270 2823 1274 2832 ·

200 2907 303 2978 Haud
321 2908 417 2977 aliter
426 2903 472 2978 'ac
485 2909 605 2980 medici
614 2911 686 3002 qui,
704 2919 886 3003 postquam
898 2909 934 2978 in
953 2907 1074 2978 urbem
1091 2907 1244 2996 devene-
1383 2892 1387 2902 ’

205 3033 296 3110 rant,
316 3043 440 3094 novam
459 3024 622 3116 aliquam,
642 3027 866 3119 asemetipsis
882 3028 1069 3104 inventam,
1088 3021 1248 3092 medendi

103 3152 108 3174 ¹
205 3139 369 3208 rationem
381 3139 569 3229 jactabant,
587 3139 760 3238 utplures
772 3139 958 3212 adnarenr
971 3133 1246 3256 tiranniethes-

204 3255 326 3324 carent
339 3257 479 3324 cetaria
488 3256 516 3324 ⁴.

253 3370 320 3442 Sed
330 3371 446 3442 abisto
455 3355 665 3444 ardalionum
673 3371 1038 3465 globoAthenodorum
1053 3377 1087 3440 ct
1100 3367 1243 3476 Areum,
1287 3359 1290 3364 ’

242 3590 249 3617 ¹
265 3594 325 3646 Tac.
346 3589 420 3646 Arta.
441 3615 494 3660 xvr,
512 3595 557 3648 aa.
570 3621 606 3633 -
617 3609 633 3644 a
647 3596 784 3646 illustrium
805 3599 915 3650 virorum
938 3597 1149 3658 foeminarumque
1168 3597 1246 3644 coetus
1264 3565 1269 3586 ¹

182 3705 188 3714 ·
205 3681 350 3744 trequentes
369 3689 466 3746 egerat,
482 3687 591 3736 maxime
608 3687 720 3736 intentus
734 3688 882 3748 Demetrio,
896 3687 988 3749 cynica
1003 3684 1167 3735 institutionis
1182 3683 1246 3732 dcc·
1287 3669 1290 3678 ¹

205 3772 268 3830 tori;
284 3785 340 3822 curn
351 3787 411 3835 quo,
424 3779 452 3823 ut
461 3775 601 3837 coniectare
617 3781 670 3826 erat
684 3777 827 3826 intentione
836 3776 920 3827 rullus
935 3782 960 3826 et
972 3775 1080 3838 auditis,
1094 3774 1114 3823 si
1127 3785 1176 3836 qua
1191 3771 1246 3822 ela·

205 3860 257 3910 rius
272 3862 495 3929 proloquebantur,
512 3865 543 3914 de
564 3870 653 3916 natura
666 3867 758 3916 anima
773 3871 798 3917 et
810 3866 987 3916 dissociatione
999 3864 1101 3927 spiritus
1118 3860 1245 3924 corporis·
1334 3861 1338 3870 '

206 3959 256 4010 qne
269 3949 421 4014 inquirebat.
436 3967 451 3999 a

243 4041 252 4070 ³
266 4047 314 4108 Ep.
327 4044 433 4113 nxrr.}—
441 4048 604 4099 Philodemus
616 4063 623 4098 r
636 4064 650 4096 n
662 4048 689 4099 Si
702 4050 776 4113 igitur
788 4051 915 4114 sapientes
928 4063 955 4100 se
967 4053 1055 4100 mutuo
1065 4050 1162 4114 norint,
1175 4061 1247 4110 aquo

199 4117 292 4185 'animo
307 4136 376 4186 velut
389 4150 404 4186 a
416 4138 504 4199 seipsis
516 4143 604 4189 mutuo
618 4139 856 4192 admonebantur...
868 4153 897 4190 ao
910 4153 995 4190 morsu
1008 4139 1139 4190 lenissimo
1149 4142 1248 4189 semet-

205 4222 273 4286 ipsos
287 4224 450 4285 mordebunt,
464 4229 489 4275 et
503 4227 606 4288 gratiam
621 4229 669 4278 sibi
683 4229 822 4281 habebunt.
840 4243 855 4278 n
872 4226 944 4294 (Cep.
962 4226 1001 4296 5.)

243 4319 252 4350 ³
266 4321 331 4372 Vide
341 4321 367 4371 in
381 4323 461 4385 capite
476 4341 513 4383 ιιι,
524 4337 579 4387 qua
591 4325 622 4376 ad
634 4339 725 4390 granos
736 4327 898 4391 philosophos
908 4331 1032 4390 spectant.

244 4419 354 4473 ⁴Hcrat.
371 4422 424 4472 Set.
441 4421 547 4488 t.11,·5.
