3168 5150
796 455 936 510 ..34-

342 602 461 673 rogere
479 591 512 658 el
531 581 576 655 ad
591 581 750 653 virtutem
765 579 891 654 blande
907 601 947 654 ae
958 579 1078 653 leniter
1090 579 1253 657 inclinare
1265 585 1289 652 ¹.
1311 583 1385 680 lpse

341 717 406 790 pro
422 695 557 768 virtutis
575 694 739 786 magistro
757 693 795 766 C.
817 693 929 770 Pisoni
947 695 1024 785 fuit,
1040 695 1244 771 adolescenti
1262 699 1308 773 ad
1324 720 1385 773 vo·

340 811 505 904 luptatem
524 809 790 905 promptissime,
813 831 834 884 a
854 831 923 902 quo
936 818 988 882 est
1009 812 1102 905 pejor
1120 813 1244 905 factae,
1260 813 1385 886 uadum

342 927 387 1000 ad
396 928 568 1000 meliorem
581 928 713 1019 frugem
733 927 827 1000 illum
842 927 1031 1001 reduceret.
1048 928 1135 999 Nam
1148 951 1227 1003 cum
1240 929 1304 1001 isto
1319 937 1387 1000 ute

340 1052 434 1130 retur
451 1043 678 1135 familiariter,
699 1043 827 1115 lasciva
845 1041 945 1114 finxit
962 1043 1113 1116 carmina
1126 1046 1153 1134 ²,
1177 1057 1212 1116 el
1229 1045 1386 1138 discipuli

341 1159 395 1234 sui
410 1159 568 1232 libidines
586 1160 718 1248 cecinit,
735 1169 774 1230 ut
790 1158 906 1231 videre
924 1167 977 1232 est
993 1160 1085 1254 apud
1101 1159 1308 1252 Ciceronem,
1325 1161 1385 1254 qui

341 1275 385 1347 de
402 1297 441 1347 ea
461 1298 509 1363 re,
535 1276 711 1370 Epicureis
733 1298 854 1369 parum
868 1275 1024 1365 honesta,
1042 1274 1153 1370 lepide
1169 1277 1304 1368 jocatus
1320 1287 1382 1348 est.

339 1391 470 1483 Dignus
488 1401 538 1462 est
561 1402 650 1464 certe
664 1392 757 1464 locus
776 1392 834 1484 qui
858 1393 1040 1464 afferatur:
1066 1416 1083 1462 r<
1107 1395 1237 1486 Itaque,
1259 1392 1382 1486 inquit,

341 1530 360 1575 a
388 1507 608 1579 admissarius
626 1507 690 1578 iste
710 1507 819 1601 (Calp.
841 1504 944 1601 Piso),
971 1507 1070 1578 simul
1092 1517 1195 1600 atque
1215 1507 1384 1580 audivita

341 1649 361 1692 a
388 1623 804 1718 philosophovoluptatem
815 1633 989 1715 tantopere
998 1622 1142 1710 laudari,
1155 1621 1386 1716 nihilexspis-

342 1767 361 1806 a
389 1751 485 1811 catus
502 1751 574 1811 est:
598 1739 646 1812 sic
665 1760 745 1811 sues
767 1761 887 1810 sensus
907 1740 1141 1833 voluptuarios
1160 1761 1279 1811 omnes
1298 1738 1383 1810 inci·

339 1883 359 1924 a
387 1857 483 1945 tavit,
503 1858 551 1926 sic
566 1858 610 1928 ad
623 1855 713 1926 illius
726 1853 940 1950 (Philodami)
956 1856 1045 1926 hanc
1061 1856 1250 1928 orationem
1262 1855 1384 1928 adhin-

341 1999 360 2040 a
387 1973 464 2061 uiit,
480 1983 595 2044 utnon
606 1973 805 2064 magistrum
818 1971 1038 2060 virtutis,sed
1051 1982 1223 2044 auctorem
1235 1972 1384 2045 lihidinis

341 2116 359 2157 a
387 2112 408 2162 a
437 2111 473 2162 se
498 2090 594 2160 illum
622 2091 798 2162 inventum
824 2089 1107 2162 arbitraretur....
1139 2090 1228 2174 Quid
1258 2089 1384 2160 multa?

340 2229 359 2280 a
386 2206 526 2280 Graecus
543 2205 650 2277 facilis
664 2214 698 2278 et
715 2205 817 2277 valde
832 2215 1009 2293 venustus,
1030 2205 1131 2278 nimis
1143 2228 1284 2299 pugnax
1299 2226 1384 2279 ecn-

339 2346 358 2392 a
388 2332 439 2394 tra
456 2331 645 2395 senatorem
660 2321 776 2414 populi
797 2322 928 2392 romani
948 2342 1024 2392 esse
1043 2322 1163 2393 noluit.
1185 2323 1246 2394 Est
1268 2330 1381 2394 autem

340 2465 358 2501 a
386 2436 442 2511 hie
460 2437 502 2510 de
520 2459 587 2529 quo
606 2437 740 2526 loquer,
752 2457 820 2507 non
836 2435 1049 2529 philosophia
1064 2437 1188 2525 solnm,
1204 2437 1263 2508 sed
1280 2437 1382 2510 etiam

339 2579 358 2618 a
385 2551 517 2625 caeteris
537 2550 669 2636 studiis,
686 2571 765 2642 quae
779 2551 846 2620 lere
863 2559 1000 2624 cataros
1012 2551 1198 2646 Epicureos
1211 2552 1381 2644 negligere

338 2696 356 2732 a
385 2666 513 2754 dieunt,
535 2666 733 2761 perpolitus.
764 2666 887 2740 Poema
913 2688 1015 2760 porro
1037 2668 1115 2740 fecit
1138 2667 1185 2738 ita
1203 2667 1376 2755 festivum,

337 2807 356 2856 a
383 2783 430 2856 ita
447 2785 662 2872 concinnum,
678 2782 724 2856 ita
745 2783 895 2874 elegans,
916 2782 1002 2854 nihil
1013 2793 1053 2855 ut
1071 2783 1145 2856 fieri
1159 2785 1267 2879 possit
1280 2805 1380 2876 argu-

338 2929 355 2967 »
383 2900 477 2973 tius:
507 2899 541 2970 in
571 2921 641 2990 quo
670 2897 896 2992 reprehendat
921 2921 999 2970 eum
1026 2898 1117 2992 licet,
1145 2900 1174 2972 si
1204 2899 1376 2992 quivult,

336 3045 355 3083 a
382 3015 484 3091 modo
506 3016 638 3104 leviter,
668 3037 737 3089 non
759 3024 797 3086 ut
815 3015 1021 3108 improbum,
1048 3038 1115 3088 nou
1137 3027 1175 3086 ul
1196 3014 1373 3102 audacem,

335 3159 353 3202 a
381 3141 495 3205 nonut
509 3133 694 3228 impurum,
714 3131 774 3203 sed
788 3141 825 3202 ut
839 3133 1046 3220 Graeculum,
1064 3143 1102 3204 ut
1112 3140 1372 3218 assentatorem,

334 3277 354 3319 a
381 3261 420 3321 ut
439 3257 574 3344 poetam
580 3299 651 3320 .....
666 3250 831 3339 Rogatus,
847 3249 1022 3337 invitatus,
1041 3258 1191 3339 coaetus,
1209 3249 1256 3320 ita
1268 3248 1375 3320 multa

336 3395 353 3434 a
382 3367 426 3438 ad
450 3367 552 3438 istum
570 3367 612 3438 de
634 3365 698 3436 isto
718 3363 851 3455 scripsit
871 3374 909 3435 ut
924 3385 1044 3437 omues
1061 3364 1232 3452 libidines,
1261 3363 1376 3437 omnia

335 3509 352 3548 a
381 3490 512 3574 stupra,
545 3479 658 3550 omnia
687 3499 864 3571 alienarum
896 3479 1199 3572 conviviorumque
1230 3500 1372 3571 genera,

333 3625 351 3662 »
379 3595 543 3668 adulteria
558 3594 704 3685 deniqne
721 3594 797 3683 ejas
812 3593 1057 3665 delicatissimis
1070 3594 1226 3666 versibus
1236 3615 1375 3688 expres·

333 3738 351 3782 a
382 3714 522 3784 serit...
545 3711 610 3796 Qui
630 3710 658 3780 si
679 3710 797 3782 luisset
819 3710 854 3781 in
874 3710 1037 3803 discipulo
1056 3712 1283 3804 comparando
1300 3731 1373 3782 me-

335 3853 352 3895 »
381 3829 465 3899 liora
474 3827 774 3916 fortuna,lortasse
786 3826 952 3898 austerior
963 3835 996 3898 et
1009 3827 1148 3918 gravior
1158 3848 1232 3898 esse
1245 3825 1374 3919 potuis·

336 3969 353 4003 2>
383 3949 451 4032 set;
467 3940 617 4010 sedeam
631 3961 729 4011 casus
745 3941 779 4010 in
790 3941 879 4011 hanc
894 3941 1172 4012 consuetudinem
1189 3939 1374 4016 scribendi·

369 4157 376 4188 ¹
395 4163 448 4210 Τῶν
468 4155 521 4210 κατ’
539 4158 650 4228 irrrro'pru
671 4157 846 4228 ἰξεργασμένων
864 4156 997 4229 trepiditas
1016 4157 1057 4212 καὶ
1074 4159 1141 4224 hadr,
1162 4159 1188 4210 ia
1207 4165 1252 4212 τῶν
1272 4159 1374 4218 Ζήνωνος

332 4243 427 4312 βιῧλίων
438 4283 470 4300 ...
482 4245 494 4298 ὅ
506 4246 555 4297 ἐστι
567 4244 622 4316 περὶ
634 4243 777 4316 raphaniae.
790 4247 830 4316 (T.
844 4249 887 4313 V.)

365 4335 374 4366 ²
393 4337 452 4390 vid.
466 4336 604 4402 Antholeg.
619 4338 669 4399 xl,
683 4337 718 4386 44
731 4337 764 4388 de
778 4338 819 4390 die
834 4337 912 4390 namll
924 4339 1026 4404 Epicuri
1040 4340 1212 4406 Epigramma.
1226 4365 1260 4381 -
1270 4341 1370 4403 Horat,

330 4426 383 4478 sat.
397 4445 420 4492 1,
436 4426 468 4494 2,
484 4439 510 4479 v.
525 4425 585 4475 lar.
