3168 5150
611 403 751 462 ...47-

164 558 182 602 n
211 543 370 628 tanquam
393 533 451 608 illo
469 541 641 628 spectante
660 533 830 622 vivamus,
849 542 884 606 et
903 531 1018 606 omnia
1035 539 1198 630 tanquam

164 677 183 718 2>
211 649 268 721 illo
284 650 420 726 vidente
432 649 607 723 faciamus.
628 651 711 740 Hoc,
725 649 773 719 mi
786 647 903 740 Lucili,
923 647 1089 742 Epicurus
1103 671 1198 745 prae·

165 792 182 828 n
210 766 298 860 cepit
323 794 330 839 :
359 765 532 840 custodem
559 764 657 838 nobis
674 772 707 835 et
737 763 964 858 paedagogum
991 761 1110 836 dedit:
1138 788 1200 840 nec

163 904 182 946 n
210 881 390 953 immerito.
408 881 531 970 Magna
544 901 625 971 pars
637 887 851 973 peccatorum
869 879 1008 968 tollitur,
1033 879 1062 952 si
1076 901 1200 972 pecca-

163 1021 182 1066 »
211 1001 295 1070 turis
314 996 408 1068 testis
426 995 527 1070 adsit.
549 995 704 1090 Aliquem
718 996 843 1068 habeat
855 995 1001 1086 animus,
1022 1018 1126 1090 quem
1144 1019 1204 1069 vc-

165 1141 184 1178 »
211 1123 340 1201 rentur,
361 1113 457 1204 cujus
474 1111 671 1183 auctoritate
691 1111 794 1183 etiam
812 1119 979 1184 secretum
995 1132 1096 1184 suum
1109 1132 1206 1185 sanc·

165 1257 185 1298 »
212 1231 280 1301 tius
295 1229 406 1300 faciat.
427 1228 455 1297 0
477 1228 607 1300 felicem
631 1227 740 1316 illum,
760 1227 907 1320 quinon
928 1229 1107 1320 adspectus
1129 1237 1205 1300 tan·

164 1373 184 1415 »
212 1355 298 1433 tum,
324 1346 499 1418 sedetiam
517 1345 682 1438 cogitatus
706 1343 864 1419 emendat
879 1345 904 1412 ¹.
928 1372 947 1412 n
969 1385 1019 1396 -
1032 1344 1127 1416 ldemw
1144 1344 1205 1414 ite·

163 1483 242 1534 rum
262 1481 300 1531 ac
314 1480 404 1555 saepe
422 1489 430 1531 ε
451 1485 469 1529 a
488 1461 611 1536 Nonne
627 1470 768 1555 apparet
784 1459 882 1532 nobis
899 1481 973 1532 esse
991 1481 1077 1555 opus
1093 1460 1206 1553 aliquo

167 1607 185 1648 u
214 1579 390 1660 advocato,
410 1579 469 1671 qui
482 1590 599 1652 contra
617 1579 732 1672 populi
748 1586 918 1671 praecepta
944 1578 1201 1671 praecipiatl....

167 1720 186 1764 n
214 1695 261 1766 Sit
277 1716 359 1788 ergo
380 1695 503 1788 aliquis
521 1705 648 1782 custos,
667 1704 701 1765 et
725 1715 844 1766 aurern
863 1693 1010 1764 subinde
1028 1693 1202 1786 pervellat,

167 1836 184 1872 »
211 1809 396 1905 abigatque
407 1833 570 1899 rumores,
582 1821 615 1880 et
625 1811 784 1882 reclamet
798 1809 931 1904 populis
942 1810 1202 1882 laudantibus...

165 1953 183 1988 s
211 1925 296 2009 Quae
310 1926 372 1998 erit
385 1927 442 1998 illa
457 1929 551 2001 vox?
568 1949 607 1998 ea
622 1927 760 2014 scilicet,
773 1948 852 2020 quae
875 1925 937 1997 tibi
959 1927 1062 1998 tantis
1078 1926 1205 1997 elamo-

163 2067 184 2108 »
210 2041 307 2113 ribus
319 2043 507 2132 ambitiosis
516 2042 715 2130 exsurdato,
728 2041 878 2112 salubria
887 2042 1075 2113 insusurret
1083 2041 1203 2130 verba3

165 2179 183 2223 r>
212 2155 412 2249 quaedicat:
432 2178 501 2227 non
514 2156 666 2250 estquod
679 2157 834 2226 invideas
852 2156 939 2245 istie,
959 2177 1046 2248 quos
1063 2177 1206 2246 magnos

165 2295 184 2342 n
213 2271 394 2364 felicesque
406 2273 551 2366 populus
563 2281 676 2362 vocat,
690 2279 819 2342 nonest
833 2270 925 2365 quod
937 2271 997 2345 tibi
1009 2272 1206 2365 compositae

164 2415 183 2456 u
211 2387 334 2460 mentis
346 2388 502 2459 habitum
519 2399 552 2462 et
565 2389 743 2460 sanitatem
755 2389 896 2482 plausus
910 2387 1059 2459 excutiat
1073 2390 1098 2458 ².
1124 2414 1141 2457 n

212 2503 283 2573 Hoc
300 2503 401 2574 etiam
421 2504 529 2576 obiter
550 2505 862 2578 animadvertamus
881 2525 949 2576 non
969 2513 1100 2576 tantum
1118 2525 1206 2596 prae·

162 2627 300 2714 ceptum
314 2619 418 2692 fuisse
431 2629 469 2690 ut
481 2620 657 2693 custodem
673 2620 944 2716 etpaedagcgum
956 2621 1044 2692 inter
1056 2622 1206 2715 aequales

162 2743 197 2806 et
208 2736 314 2806 nostri
328 2737 394 2808 aeui
405 2736 626 2832 philosophos
635 2739 850 2830 eligeremus
863 2737 924 2810 sed
940 2737 1080 2832 insuper
1089 2760 1205 2812 exem·

163 2849 239 2942 pler
247 2851 419 2944 quoddam
432 2853 610 2928 eximiaeet
623 2854 781 2946 perlectae
791 2852 926 2926 uirtutis
937 2853 1025 2924 inter
1037 2853 1207 2945 sapientes

163 2973 305 3042 aetatum
318 2967 482 3059 priorum,
500 2969 597 3059 cujus
614 2968 660 3039 ad
678 2967 824 3060 effigiem
841 2975 1098 3041 moresnostros
1112 2989 1205 3040 com·

164 3101 367 3174 poneremus
384 3108 391 3152 :
412 3081 542 3174 «Elige
559 3082 673 3175 itaque
688 3083 869 3171 Catonem3
891 3081 919 3151 si
931 3081 1131 3156 hicviderur
1144 3083 1206 3157 tibi

168 3221 186 3258 >r
214 3196 315 3269 nimis
330 3198 471 3290 rigidus,
484 3198 569 3290 elige
585 3197 788 3269 remissioris
802 3197 906 3268 animi
917 3198 1030 3269 virum
1048 3199 1202 3287 Laelium3

167 3339 188 3382 n
214 3315 300 3406 elige
312 3338 406 3404 enm,
425 3318 523 3408 cujus
537 3316 598 3389 tibi
612 3316 737 3410 placuit
755 3323 790 3386 et
810 3315 893 3406 uita,
909 3325 943 3386 et
958 3316 1088 3407 orati03
1105 3325 1137 3387 et
1151 3317 1206 3409 ip-

168 3454 187 3498 »
216 3431 286 3502 sius
303 3435 455 3504 animum
474 3442 552 3505 anto
572 3442 606 3504 te
627 3435 738 3503 ferens
759 3441 791 3502 et
808 3432 935 3519 vultus,
958 3433 1055 3502 illum
1072 3453 1207 3526 semper

169 3570 187 3616 a
216 3549 277 3619 tihi
295 3553 447 3637 ostende,
469 3553 524 3622 vel
537 3550 725 3637 custodem,
741 3551 795 3620 vel
807 3550 1014 3643 exemplum.
1032 3550 1126 3644 Opus
1139 3558 1205 3636 est,

170 3689 189 3726 2>
217 3663 370 3758 inquam,
391 3667 518 3762 aliquo,
543 3665 588 3737 ad
609 3687 711 3760 quem
730 3684 840 3736 mores
863 3665 969 3736 nostri
987 3664 1105 3758 seipsi
1127 3662 1206 3732 exi-

172 3807 189 3842 »
215 3790 308 3872 gant.
325 3782 397 3854 Nisi
414 3782 459 3854 ad
477 3783 644 3874 regulam,
664 3801 772 3876 prava
789 3802 858 3852 non
871 3782 1019 3872 corriges
1033 3781 1060 3849 ³.
1076 3807 1095 3847 »

218 3897 295 3968 Non
315 3905 440 3970 temere
457 3898 632 3989 eligendus
649 3906 700 3967 est
723 3904 756 3967 et
775 3896 877 3968 adse
898 3897 1121 3969 arcessendus
1147 3893 1206 3965 ille

168 4025 342 4114 patronus.
363 4048 380 4083 ι(
395 4016 449 4090 Ex
461 4017 503 4088 iis
513 4024 626 4090 autem
641 4015 699 4112 qui
714 4011 830 4114 (nunc)
855 4025 945 4105 sunt,
959 4013 1124 4108 eligamus
1138 4033 1206 4084 non

206 4201 213 4230 ¹
228 4205 308 4268 Epist.
322 4222 359 4254 xr.

205 4290 215 4320 ²
227 4293 308 4357 Epist.
321 4312 389 4346 xcrv.

206 4377 216 4408 ³
226 4383 274 4445 sp.
285 4400 322 4434 xl.
