3158 5158
773 445 922 501 ..63-

323 575 388 645 beo
402 583 624 665 compertum,
644 590 723 642 nam
742 571 868 658 Seneca
886 579 981 662 pater
999 571 1057 663 qui
1078 569 1168 642 hunc
1187 571 1303 642 laudat
1330 573 1365 642 iu

322 692 487 778 suasoria,
502 690 537 762 id
549 691 583 758 in
597 689 757 780 ambiguo
766 689 924 780 relinquit
936 689 960 756 ¹.
973 687 1081 760 Affert
1090 689 1247 782 quaedam
1256 712 1298 760 ex
1309 711 1363 776 eo,

321 806 355 876 iu
378 806 610 890 Quaestionum
636 805 843 875 naturalium
862 803 948 874 libro
971 803 1084 890 tertio,
1112 804 1196 875 alter
1221 806 1362 896 Seneca,

323 923 413 992 unde
432 921 597 1015 suspicari
614 921 691 992 licet
709 921 865 992 Graecnm
888 941 1000 1011 graece
1017 920 1203 1014 scripsisse.
1214 920 1366 997 Attalum

324 1059 392 1108 uon
418 1038 517 1132 parvi
540 1038 657 1108 fecisse
675 1037 756 1109 mihi
777 1036 936 1107 videntur
956 1037 1082 1108 Seneca
1101 1046 1259 1130 uterque,
1285 1058 1364 1106 nam

323 1153 416 1248 prior
428 1155 464 1224 in
478 1154 630 1225 suasoria
647 1153 694 1224 sic
713 1153 786 1223 ait:
814 1177 830 1218 u
845 1149 1002 1220 Attalus
1020 1154 1200 1222 stoicus...
1221 1173 1368 1246 magnae

322 1273 383 1339 vir
393 1265 912 1367 eloquentiae,conphilosopho,
922 1291 1015 1366 quos
1025 1281 1150 1337 nostra
1158 1282 1249 1338 oetas
1259 1263 1365 1356 vidit,

323 1383 430 1482 longe
443 1399 477 1456 et
490 1381 746 1456 subtilissimus
761 1379 1115 1480 etfacundisaimua,
1128 1406 1204 1454 cum
1216 1394 1284 1455 tam
1298 1405 1368 1453 ma-

323 1520 390 1593 gna
405 1512 438 1572 et
453 1501 557 1573 nobili
571 1501 736 1572 sententia
750 1500 907 1588 certavit,
922 1508 960 1570 ut
974 1499 1055 1570 mihi
1069 1499 1197 1572 dixisse
1214 1500 1370 1572 videatur

325 1617 511 1691 animosius
541 1639 645 1712 quam
664 1617 757 1710 prior
771 1617 797 1684 ².
822 1615 988 1686 »Seneca
1012 1615 1235 1708 philosophus
1264 1617 1370 1688 multa

325 1715 507 1806 ab'eodem
520 1735 683 1828 praeclare
696 1734 784 1806 dicta
802 1732 910 1803 tenuit
922 1740 956 1802 et
968 1732 1175 1825 perscripsit.

374 1851 451 1920 Non
464 1851 608 1920 multum
624 1848 787 1920 absimilis
799 1847 902 1918 Attali
916 1849 971 1924 vel
985 1848 1150 1938 doctrina,
1163 1849 1218 1922 vel
1231 1849 1338 1920 oratio
1350 1871 1370 1920 a

327 1963 442 2035 schola
457 1965 662 2036 Sextiorum.
676 1964 806 2057 Nempe
823 1963 978 2034 eamdem
992 1962 1049 2032 hic
1061 1986 1134 2057 prae
1149 1986 1185 2034 se
1203 1965 1266 2035 lert
1279 1986 1372 2035 cons·

325 2081 480 2166 tantiam,
503 2081 721 2172 gravitatem,
742 2078 832 2150 idem
850 2079 968 2166 robur,
997 2081 1152 2152 eamdem
1172 2080 1204 2149 in
1229 2081 1369 2150 dicendo

324 2195 583 2284 sublimitatem3
600 2195 767 2289 quidquid
780 2195 948 2288 praecipit,
966 2195 1011 2265 ad
1022 2196 1226 2266 servandam
1246 2217 1371 2290 corpo-

326 2311 374 2382 ris
387 2319 420 2382 et
438 2311 545 2381 animi
558 2311 759 2396 castitatem,
775 2309 819 2380 ad
834 2311 1040 2381 coercendas
1053 2309 1207 2380 libidines
1222 2320 1369 2403 spectat;

326 2447 403 2496 cum
422 2425 515 2498 vitiis
534 2447 673 2496 manum
691 2426 856 2514 conserit;
888 2424 1005 2495 laudat
1032 2435 1279 2519 paupertatem,
1306 2427 1371 2498 vic·

328 2549 468 2633 tumque
491 2563 560 2614 nou
586 2543 687 2615 modo
714 2551 862 2628 tenuem,
899 2540 960 2612 sed
992 2541 1117 2611 durum
1136 2551 1169 2612 et
1187 2563 1370 2636 asperum;

328 2657 501 2727 luxuriam
515 2679 610 2745 veru,
628 2658 778 2743 divitias,
795 2657 999 2748 inanemque
1013 2657 1116 2727 seculi
1136 2679 1304 2752 pompam¹
1321 2659 1373 2728 in·

330 2783 459 2865 crepat,
476 2775 639 2844 confutat.
658 2772 853 2843 Acerrimus
865 2781 915 2842 est
929 2773 961 2841 in
978 2773 1183 2845 insectandis
1197 2776 1375 2869 voluptati-

331 2887 409 2977 bus,
432 2887 467 2956 in
483 2887 684 2981 spernendis
696 2887 882 2958 honoribus
905 2915 913 2956 :
938 2915 955 2950 u
973 2887 1124 2958 Attalum
1139 2889 1274 2958 menimi
1288 2911 1375 2960 cnm

336 3033 353 3072 n
382 2989 1371 3100 magnaadmirationeomniumsicdicere:-Diumihi‚

335 3145 353 3189 u
383 3120 504 3212 inquit,
526 3121 718 3214 imposuere
733 3120 874 3192 divitiae.
894 3122 1162 3214 Stupebam‚ubi
1183 3121 1313 3212 aliquid
1328 3143 1374 3192 ex

336 3265 355 3303 n
382 3236 447 3306 illis
457 3236 523 3306 alio
542 3245 643 3328 atque
658 3236 809 3314 alioluco
820 3236 972 3306 fulserat.
994 3237 1242 3307 Existimabam
1252 3237 1373 3307 similia

338 3379 354 3418 u
373 3374 457 3449 ¹esse
475 3371 554 3442 quaa
568 3351 723 3434 laterent,
740 3349 794 3420 his
812 3371 891 3442 quae
903 3351 1138 3422 ostenduntur.
1162 3353 1228 3424 Sed
1242 3353 1277 3421 iu
1289 3374 1374 3444 quo·

338 3499 356 3536 u
385 3469 463 3540 dam
476 3476 642 3560 apparatu
660 3464 729 3534 vidi
744 3474 831 3536 totas
848 3487 930 3559 opes
947 3467 1056 3554 urbis
1073 3469 1209 3538 caelatas
1228 3490 1274 3538 ex
1291 3489 1375 3538 auro

340 3613 357 3647 »
385 3594 419 3654 et
433 3591 586 3674 argento,
603 3590 635 3652 et
650 3581 704 3650 his
723 3602 802 3674 quae
817 3583 963 3674 pretium
978 3583 1052 3653 auri
1070 3585 1267 3677 argentique
1285 3585 1375 3655 vice·

341 3729 357 3764 »
386 3707 478 3784 runt,
494 3697 681 3790 exquisitos
693 3699 836 3786 coloreo,
852 3708 885 3768 et
908 3708 1021 3770 vestes
1041 3701 1131 3770 ultra
1149 3722 1218 3772 nou
1244 3710 1374 3771 tantum

339 3841 356 3884 n
385 3822 552 3900 nostrum,
583 3812 645 3882 sed
671 3814 759 3884 ultra
788 3812 889 3884 finem
915 3813 1061 3884 hostium
1084 3815 1257 3888 advectas.
1291 3815 1376 3886 Hinc

331 3959 357 4010 ,n
385 3951 567 4024 puerorum
582 3930 778 4023 perspicuos
791 3931 882 4000 cultu
897 3938 998 4022 atque
1015 3931 1120 4000 forma
1139 3953 1274 4023 greges,
1296 3931 1376 4004 hino

339 4077 356 4114 n
385 4045 641 4136 feminarum‚et
653 4047 720 4117 alia
731 4068 808 4136 quoe
821 4067 876 4117 res
891 4068 971 4116 suas
989 4067 1233 4137 recognoscens
1251 4049 1375 4119 summi

371 4295 376 4322 ¹
396 4297 497 4349 Suasor.
513 4297 540 4349 2.

368 4401 377 4429 ²
396 4405 427 4462 Q.
448 4416 486 4463 n.,
504 4403 521 4453 l.
537 4405 572 4462 ll,
589 4403 632 4452 50.
