3168 5150
650 511 685 520 -
702 483 737 538 57
756 511 790 522 ..

201 638 219 674 »
247 609 346 699 obsit,
362 609 446 704 quid
457 609 551 698 utile,
566 608 651 702 quid
661 571 779 680 inutile
784 661 856 679 .....
866 608 1238 682 Eaautemdisoernere

200 751 220 792 n
246 747 314 796 non
328 727 416 798 alius
434 734 486 795 est
499 747 602 817 quam
623 725 876 818 philosophi.
894 725 1031 796 Constat
1047 723 1149 815 igitur
1168 726 1238 818 regi

200 869 218 906 n
246 862 322 912 esse
338 839 693 934 philosophandum...
715 841 830 912 Iustus
848 862 930 912 vero
948 861 1030 931 erga
1050 839 1142 910 cives
1153 861 1239 934 quo-

200 988 217 1021 »
245 957 347 1028 modo
359 977 435 1026 esse
452 955 587 1047 poterit,
609 956 637 1026 si
654 957 784 1047 Justitia
806 957 889 1050 quid
906 957 949 1027 sit
969 955 1167 1047 ignoreti...
1185 955 1242 1025 Ad
1347 1025 1351 1032 ,

199 1100 217 1138 n
245 1072 323 1142 haeo
339 1091 455 1162 regem
474 1079 717 1165 temperantem
732 1094 806 1143 esse
824 1081 956 1166 oportet
974 1080 1007 1142 et
1021 1069 1173 1142 subditos
1186 1077 1237 1141 ta-

199 1217 218 1256 »
247 1188 296 1258 les
318 1186 476 1258 reddere:
498 1209 566 1279 quo
583 1197 696 1260 autem
718 1201 817 1282 pacto
840 1199 1031 1283 temperans
1058 1185 1134 1272 erit,
1159 1207 1237 1256 cum

200 1329 219 1373 r>
248 1303 414 1395 imperare
433 1302 672 1396 cupiditatibus
687 1305 780 1376 haud
794 1303 971 1376 didicerit?
987 1302 1056 1374 Aut
1067 1301 1239 1394 quomodo

201 1446 220 1486 »
248 1417 382 1488 luxuria
396 1416 646 1491 dilllueusalios
659 1419 777 1492 reddet
794 1419 1019 1513 temperatos?
1035 1419 1113 1488 llaec
1126 1426 1238 1488 autem

201 1561 220 1604 »
248 1534 317 1605 sola
342 1533 399 1604 dat
427 1533 700 1628 philosophia...
731 1537 943 1629 Quapropter
966 1557 1024 1605 rex
1051 1535 1097 1604 ab
1123 1553 1164 1604 ea
1191 1537 1238 1604 ita

201 1673 219 1718 n
245 1646 1236 1742 instructusmaximeDeosimilisestetreverentiadignus¹.

202 1764 374 1836 »Deinde
406 1765 635 1838 fortitudinem
670 1767 856 1859 acquirere,
888 1765 1082 1859 eloquentia
1119 1783 1238 1836 omnes

199 1907 218 1947 n
246 1901 409 1973 superare
435 1903 549 1973 regem
571 1891 714 1976 oportet.
743 1883 930 1970 Postremo,
965 1891 1003 1951 ut
1025 1880 1138 1952 omnia
1170 1901 1238 1950 uno

199 2018 217 2062 a
237 1995 352 2084 ¹verbo
373 1995 585 2085 contraham,
606 2019 669 2066 uec
699 1996 935 2089 alloquendo,
961 1996 1077 2067 necin
1106 1993 1238 2085 agendo
1258 2043 1262 2058 t

199 2133 217 2178 »
245 2131 309 2194 rex
331 2131 481 2200 unquam
502 2110 635 2180 deficiat
651 2121 711 2182 aut
731 2111 917 2203 delinquat,
954 2111 1116 2203 omnique
1144 2111 1179 2178 in
1202 2131 1241 2180 re

200 2249 217 2292 »
247 2233 501 2295 consummatus
522 2225 595 2296 sit‘2
599 2276 690 2296 ......
710 2255 727 2291 n
745 2228 831 2296 Tum
849 2247 912 2296 rex
930 2224 1085 2296 Musonio
1104 2223 1240 2317 petendi
1364 2247 1367 2256 ·

197 2339 424 2433 quodcunque
439 2341 541 2412 vellet
559 2342 752 2412 facultatem
773 2342 878 2413 dedit.
897 2342 957 2412 Cui
979 2340 1151 2434 respondit
1167 2341 1240 2411 Mu·

197 2457 333 2528 sonius:
354 2483 372 2522 rr
390 2457 471 2527 Peto
491 2459 790 2546 utorationimeae‚
809 2480 913 2551 quam
926 2457 1011 2529 adeo
1030 2456 1162 2544 laudas
1178 2456 1241 2526 ob-

197 2555 366 2665 sequaris.
389 2573 478 2644 Nam
490 2583 524 2645 et
536 2573 619 2645 mihi
633 2575 698 2645 hoc
712 2585 811 2667 pacto
826 2597 950 2646 munus
964 2582 1098 2666 gratum
1118 2571 1236 2658 facies,

196 2696 230 2759 et
242 2688 366 2781 tuipse
386 2689 550 2780 majorem
568 2689 647 2761 inde
659 2711 763 2783 quam
777 2712 823 2762 ex
839 2691 910 2762 ulla
928 2689 1044 2761 realia
1060 2689 1239 2760 utilitatem

197 2806 424 2897 consequeris.
439 2829 457 2874 n

235 3005 241 3033 ¹
251 3003 389 3074 Θεοπρεπὴς
400 3023 425 3058 τε
433 3003 472 3058 καὶ
485 3001 565 3065 αἰδοῦς
573 3005 667 3068 ἄξιος...

234 3094 244 3124 ³
257 3098 294 3148 Ex
308 3098 419 3162 Stobao,
433 3109 517 3150 sermo
529 3095 575 3168 46,
585 3098 617 3150 de
630 3111 721 3162 reguo.
738 3093 892 3167 (Transtulit
905 3111 1009 3162 egraeco
1018 3091 1171 3164 Gesnerus.)
