3158 5158
803 369 943 425 ,64-

351 497 529 592 scripsisse
549 521 557 564 :
577 492 657 564 inde
680 491 796 565 videre
819 504 871 566 est
898 514 1130 588 saepenumero
1155 493 1413 590 Pythagoricos·

354 615 486 704 eadem,
503 631 582 704 quae
600 608 840 694 mathematici,
858 610 1040 680 sectatos¹.
1068 609 1186 682 Romae
1210 611 1398 706 reperimus

351 731 507 818 Iccium,
526 727 635 799 Flacci
653 727 815 814 amicum,
835 727 916 798 huic
938 736 1040 799 sectae
1059 726 1232 799 addictum
1253 728 1393 799 suisse2.

351 841 773 936 Habebathocproprium
794 851 828 913 et
842 843 1015 935 singulare
1037 842 1095 914 ille
1113 843 1229 914 schola
1260 841 1397 938 (praeci-

353 985 419 1058 pue
435 984 513 1033 cum
530 981 550 1031 a
569 959 653 1031 viris
671 959 779 1030 doctis
800 968 834 1030 et
856 959 1021 1050 honestis,
1043 980 1112 1031 non
1131 969 1243 1030 autem
1263 959 1397 1053 praesti-

351 1077 537 1172 giatoribus
548 1071 736 1168 colebatur)
752 1076 845 1168 quod
858 1075 990 1164 animos
1003 1073 1048 1145 ad
1059 1075 1209 1146 coelestia
1228 1075 1394 1166 erigebat,

352 1204 387 1268 et
407 1215 505 1267 coeno
523 1193 683 1265 vitiorum
702 1191 880 1284 expeditos
898 1191 943 1262 ad
961 1189 1185 1283 cognitionem
1200 1213 1315 1262 rerum
1329 1213 1398 1262 na-

353 1310 514 1383 turalium
526 1319 559 1381 et
574 1309 655 1381 vitae
672 1307 820 1378 melioris
839 1327 939 1400 spem,
960 1307 1216 1401 concipiendam
1242 1308 1396 1380 traduce-

353 1428 425 1499 bat.
447 1426 529 1496 Erat
553 1425 655 1517 igitur
673 1423 862 1494 interillam
878 1423 1165 1517 pythagoreorum
1183 1423 1397 1517 disciplinam

353 1557 388 1614 et
406 1541 597 1614 doctrinam
606 1539 788 1612 stoicorum
802 1539 958 1632 cognatio
970 1539 1144 1632 quaedam,
1160 1539 1241 1632 quia
1252 1548 1398 1632 utraque

289 1663 291 1668 ’
352 1659 472 1731 eadem
497 1659 568 1730 iere
587 1656 715 1744 studia,
731 1656 851 1728 eadem
869 1656 951 1728 ritae
967 1656 1120 1729 instituta
1144 1657 1318 1747 laudabat,
1332 1655 1398 1727 nisi

351 1776 444 1870 quod
472 1773 654 1846 stoicorum
685 1782 776 1844 secta
799 1772 929 1866 aliquid
958 1794 1031 1867 pree
1049 1795 1086 1844 se
1103 1773 1234 1846 ferebat
1251 1771 1396 1860 virilius,

351 1961 427 2012 luisse
437 1961 585 2024 AEthlopum
597 1959 724 2011 scribendi
735 1960 860 2010 rationem
873 1973 929 2022 quo
940 1959 1126 2022 hieroglyphice
1137 1963 1190 2027 ost,
1203 1959 1324 2022 plurimas
1335 1971 1397 2022 spe-

350 2051 559 2114 cunctigenae,
574 2050 666 2113 quihus
685 2049 722 2098 iili
741 2050 878 2099 utebantur
896 2052 924 2100 ut
941 2061 981 2099 res
995 2048 1183 2112 significarent,
1199 2061 1212 2100 e
1225 2047 1397 2098 cheremonis

350 2140 414 2191 libro
430 2140 594 2203 deprompsit.
609 2163 645 2176 -
659 2160 671 2180 ν
690 2133 726 2194 Ὡς
744 2136 763 2202 l¹
773 2135 974 2206 ἱερογραμματεὺς
993 2133 1123 2206 Χαιρήμων
1137 2133 1210 2205 φησὶ·
1230 2132 1271 2186 καὶ
1286 2133 1336 2186 ἀντὶ
1354 2133 1397 2203 μὲν

349 2230 427 2297 χαρᾶς
436 2229 538 2298 γυναῖκα
549 2225 739 2295 τυμπανίζουσαν
750 2225 865 2294 ἔγραφον·
877 2221 929 2274 ἀντὶ
942 2224 1018 2283 λύπας
1030 2223 1150 2294 ἅνθροκτον
1162 2227 1191 2291 τῇ
1202 2222 1263 2293 χειρὶ
1275 2224 1301 2274 τὸ
1311 2222 1397 2294 γενείου

349 2307 492 2388 κρατοῦντα.
504 2314 544 2367 καὶ
557 2316 614 2386 πρὸς
624 2318 668 2386 γῆν
679 2314 786 2364 νεύοντα·
798 2311 850 2364 ἀντὶ
860 2310 887 2362 δὲ
900 2315 1036 2383 συμφορᾶς,
1050 2309 1169 2381 ὅφθαλμον
1183 2307 1331 2383 δακρύοντα·
1346 2309 1398 2362 ἀντὶ

349 2411 389 2458 τοῦ
405 2405 440 2475 μὴ
454 2406 523 2471 ἔχειν,
539 2403 582 2456 δυό
595 2405 676 2473 χεῖρας
690 2401 756 2459 κενὰς
773 2401 942 2470 ἐκτεταρένας·
960 2397 1010 2452 ἀντὶ
1029 2400 1158 2464 ἀνατολῆς,
1181 2400 1232 2470 ὅφιν
1249 2399 1397 2471 ἐξερχόμενον

351 2496 377 2548 ἔκ
388 2513 447 2552 τινος
457 2495 527 2552 ὀπῆς·
539 2491 590 2546 ἀντὶ
602 2490 700 2554 δύσεως,
712 2490 885 2562 εἰσερχόμενον·
896 2487 1125 2560 ἀντὶῖἀναῖιώοους,
1138 2489 1271 2560 βάτραχον·
1286 2486 1337 2540 ἀντὶ
1349 2486 1397 2556 ψυ-

348 2587 392 2651 χῆς
405 2581 487 2653 ἱέρακα
500 2579 676 2650 (accipiircm]·
688 2579 722 2631 tri
736 2577 763 2630 δὲ
775 2577 816 2630 καὶ
827 2577 878 2630 ἀντὶ
891 2577 957 2634 ἡλίου
971 2577 1011 2630 καὶ
1023 2583 1098 2630 Θεοῦ·
1111 2576 1163 2630 ἀντὶ
1175 2578 1300 2649 iulo-pirou
1312 2595 1397 2649 γυναι-

347 2761 473 2832 γενέσεως,
488 2757 667 2826 καὶαύτορὺων,
680 2755 721 2806 καὶ
736 2755 846 2825 ἀρρένων,
859 2753 972 2824 κάνθαρον
988 2753 1173 2824 (scarabaeum)·
1188 2752 1239 2805 ἀντὶ
1252 2759 1309 2826 γῆς,
1326 2753 1395 2818 βοῦν·

346 2851 437 2908 λέοντος
450 2844 478 2900 δὲ
492 2847 599 2919 προτομὴ
612 2848 694 2898 πᾶσαν
706 2843 781 2916 ἀρχὴν
795 2842 836 2895 καὶ
848 2843 954 2913 φυλακὴν
969 2838 1037 2898 δηλοῖ
1049 2840 1102 2894 κατ’
1112 2843 1210 2901 αὐτούς·
1224 2841 1281 2913 οὐρὰ
1294 2844 1394 2906 λέοντος,

347 2937 465 3010 ἀναγκήν·
477 2937 572 3006 ἔλαφος,
584 2935 701 2987 ε’νιαντόν·
716 2933 820 3004 ipsios&
831 2931 918 3001 φοίνιξ·
928 2931 1004 3002 ὁῖπαῖς
1013 2929 1117 3003 δηλοῖιτὰ
1129 2931 1284 3005 αὐξανόμενα·
1296 2933 1307 2982 ὁ
1319 2933 1395 3002 γέρων

345 3029 377 3081 τὰ
392 3028 544 3099 ρθεεραριένα·
559 3026 585 3077 τὸ
601 3024 675 3088 τόξον,
687 3024 729 3080 τὴν
746 3021 822 3083 ὀξεῖαν
836 3020 945 3091 δύναμιν·
960 3019 1000 3074 καὶ
1020 3021 1088 3093 ἵτερα
1108 3021 1216 3093 μυρία.»
1228 3050 1263 3062 -
1277 3027 1314 3075 lli
1329 3024 1395 3074 libro

346 3123 390 3185 qui
406 3119 552 3171 inscribitur
564 3115 652 3170 licouc
663 3111 883 3183 urche'olopipue,
894 3127 963 3165 anno
976 3113 1055 3172 1851,
1068 3128 1082 3165 a
1096 3127 1185 3166 mense
1199 3114 1271 3176 aprili
1283 3113 1315 3164 ad
1330 3127 1393 3176 sep·

346 3211 486 3271 tembrem,
502 3209 570 3260 hunc
585 3208 669 3258 locum
684 3205 864 3267 excerpsimus.
879 3202 1089 3255 animadvertere
1101 3203 1148 3254 riri
1165 3203 1320 3263 doctissimi,
1339 3198 1394 3255 Sa·

346 3294 421 3352 muel
437 3291 521 3350 Birolr
533 3300 558 3347 et
571 3291 748 3358 Lcoormunt,
761 3291 800 3342 his
810 3289 983 3343 cheremonis
995 3291 1079 3342 verbis
1091 3291 1171 3342 muita
1181 3291 1325 3342 confirmari
1336 3304 1393 3354 qno

347 3381 547 3456 champollion,
561 3383 686 3447 ejusmodi
698 3381 847 3433 eruditionis
858 3379 1031 3448 princeps„do
1044 3381 1208 3446 explanandis
1219 3381 1393 3446 hieroglyphi-

345 3478 381 3528 cis
396 3477 523 3527 docuerat.

383 3580 389 3608 ¹
409 3584 441 3633 V.
452 3581 576 3641 Plinium,
587 3576 607 3629 1.
618 3577 694 3638 XIX,
712 3575 789 3636 i;-
802 3575 926 3636 XXVIII,
938 3575 972 3654 23
986 3601 1020 3612 -
1032 3576 1140 3636 XXXV,
1156 3577 1199 3628 15.
1209 3603 1243 3614 -
1255 3577 1349 3627 Burei).
1363 3575 1392 3627 in

345 3671 442 3724 chron.
454 3695 487 3708 -
500 3668 606 3730 origen.
619 3664 678 3718 adr.
690 3663 771 3724 cols,
784 3664 803 3715 l.
816 3665 838 3716 1.
853 3688 888 3702 -
901 3661 1012 3726 Februo..
1023 3665 1045 3715 t.
1055 3665 1101 3715 ΙΙΙ.
1113 3664 1172 3717 ind.
1182 3667 1318 3730 Pythagor.

381 3808 390 3838 ²
490 3809 517 3859 si
531 3807 593 3858 torto
608 3804 635 3855 in
649 3803 734 3854 medio
746 3799 904 3870 positorum
918 3796 1063 3856 abstemius
1076 3799 1169 3859 herbis

491 3893 563 3950 Vivis
576 3897 601 3947 et
612 3890 716 3950 urtica,
727 3893 763 3942 sic
773 3892 843 3942 viros
854 3892 980 3954 protinus,
993 3897 1023 3943 ut
1035 3898 1060 3944 to

487 3984 626 4038 confestim
642 3981 752 4045 liquidus
766 3965 884 4031 Fortunae
899 3981 966 4032 riuus
977 3982 1094 4036 inauret:

484 4077 533 4126 Vel
547 4075 607 4138 quia
621 4075 736 4122 naturam
747 4073 845 4119 mutare
858 4069 965 4130 pecunia
979 4071 1075 4132 nescit:

485 4165 532 4218 Vel
545 4163 605 4227 quie
618 4164 707 4212 cuncta
720 4163 791 4226 putas
804 4171 854 4208 una
866 4159 958 4210 virtute
970 4160 1069 4226 minore
1072 4193 1126 4212 .....

485 4257 580 4307 verum
591 4262 640 4303 scu
652 4246 749 4317 pisces,
762 4259 807 4298 seu
816 4258 935 4316 porrum
950 4252 976 4299 et
990 4260 1061 4317 coepe
1072 4243 1207 4311 trucidas,

485 4347 561 4396 Utere
574 4339 696 4402 Pompeio
708 4335 880 4400 crespio...,.
1181 4333 1239 4406 (iip.
1255 4332 1314 4404 κη.)
