3158 5158
814 442 956 495 ..74-

420 571 502 642 Haeo
533 567 578 643 de
604 563 757 658 ejusdem
796 563 1083 662 disputationibus
1114 561 1207 658 apud
1233 573 1418 656 utmmque

373 687 535 758 Senecam
551 685 710 776 leguntur
736 705 744 750 :
764 721 814 734 -
834 707 853 748 u
875 681 1073 752 Disserebat
1090 679 1218 774 populo
1230 677 1414 768 Fabianus

376 828 394 869 n
421 799 622 872 audiebatur
643 798 815 889 modeste;
850 796 1054 888 erumpebat
1078 795 1251 866 interdum
1273 816 1420 886 magnus

374 942 392 987 n
419 918 547 990 clamor
560 916 786 1003 laudantium,
805 913 866 986 sed
875 935 978 1006 quem
987 911 1186 1004 magnitudo
1201 933 1319 982 rerum
1336 933 1419 983 evo·

374 1063 393 1103 n
420 1042 571 1122 caverat,
592 1053 662 1103 non
693 1053 798 1106 sonus
811 1030 987 1102 inoffensae
1008 1052 1049 1102 ae
1063 1030 1206 1102 molliter
1217 1029 1322 1122 lapsae
1338 1051 1421 1101 ora-

375 1177 394 1217 n
422 1149 524 1220 tionis
539 1149 565 1218 ¹.
588 1174 605 1218 n
626 1187 676 1202 -·
701 1174 721 1214 u
749 1147 933 1236 Fabianus,
976 1147 1030 1220 vir
1051 1145 1207 1236 egregius
1231 1155 1265 1216 et
1290 1145 1360 1216 vita
1385 1155 1421 1217 et

378 1295 396 1332 n
424 1265 577 1355 scientia,
603 1274 648 1353 et,
670 1265 764 1358 quod
786 1272 862 1358 post
879 1266 945 1334 ista
964 1271 1029 1349 est,
1056 1261 1247 1354 eloquentia
1269 1281 1417 1353 quoqne,

378 1410 396 1446 »
424 1381 622 1474 disputabat
634 1381 790 1476 expedite
801 1380 911 1472 magis
930 1400 1036 1471 quam
1054 1378 1218 1449 concitate
1234 1385 1294 1448 snt
1311 1375 1421 1472 possis

379 1526 397 1564 >2
424 1497 536 1568 dicere
548 1495 746 1568 facilitatem
764 1519 839 1568 esse
861 1495 966 1586 illam,
985 1515 1055 1566 non
1068 1493 1272 1564 celeritatem
1287 1494 1313 1562 ².
1337 1517 1355 1562 t>
1372 1533 1423 1543 —

307 1607 309 1612 ’
379 1637 397 1683 «
423 1613 544 1686 Vultus
561 1613 702 1684 dicentis
713 1613 814 1700 lenis,
835 1622 869 1683 et
882 1633 944 1705 pro
960 1611 1203 1704 tranquillitate
1216 1631 1351 1681 morum
1367 1631 1423 1680 re-

379 1759 399 1799 »
426 1729 551 1801 missus
568 1757 576 1799 ι
593 1729 687 1800 vocis
701 1730 793 1798 nulla
804 1729 988 1814 eontentio,
1007 1728 1100 1797 nulla
1119 1727 1269 1820 corporis
1283 1745 1422 1796 asseve-

382 1876 399 1911 υ
427 1845 528 1934 ratio,
541 1866 619 1915 cum
629 1845 735 1916 verba
746 1846 840 1916 velut
849 1845 977 1934 injussa
988 1844 1134 1914 fluerent
1147 1845 1172 1912 ³.
1198 1869 1215 1911 u
1237 1841 1425 1914 Abhorruit

378 1971 413 2034 et
435 1961 619 2049 Fabianus,
644 1961 730 2032 sicut
754 1960 870 2032 Cicero
884 1969 917 2032 et
936 1960 1086 2048 Sextius,
1101 1982 1120 2030 a
1135 1959 1319 2030 subtilitate
1329 1960 1423 2030 Grae·

378 2097 495 2148 eorum
533 2086 567 2147 et
603 2075 764 2167 argutiis,
787 2097 868 2146 nam
905 2097 997 2168 saepe
1021 2075 1154 2147 dicebat
1173 2099 1246 2146 non
1278 2070 1424 2144 subtili-

379 2205 470 2280 tate,
511 2189 579 2264 sed
608 2195 651 2262 ati
677 2205 713 2263 et
737 2195 870 2294 impetu
890 2205 1018 2263 contra
1040 2195 1135 2262 vitia
1153 2212 1229 2262 esse
1247 2213 1423 2288 pugnan-

380 2304 472 2380 dum
497 2311 524 2378 4.
557 2309 651 2380 Idem
679 2330 789 2381 vanus
818 2308 1119 2400 grammaticorum
1154 2309 1360 2400 quaestiones
1392 2314 1426 2376 et

381 2427 571 2498 studiorum
598 2425 694 2496 istius
720 2425 812 2496 modi
826 2425 1015 2496 futilitatem
1033 2424 1307 2496 mntemnebatl.

427 2541 627 2628 Fabianum,
644 2537 810 2630 Attalum,
832 2540 1004 2612 Sotionem
1021 2552 1054 2610 et
1076 2539 1210 2612 Sextios
1222 2561 1291 2610 non
1314 2535 1424 2632 scrip-

379 2657 423 2727 tis
440 2666 500 2728 aut
518 2657 711 2750 eloquentia
733 2656 842 2748 magis
863 2657 1012 2748 insignes
1039 2656 1143 2727 luisse
1167 2677 1272 2748 quam
1296 2655 1368 2726 vita
1391 2661 1426 2726 et

380 2774 533 2844 moribus
546 2781 690 2844 constat.
706 2772 835 2864 Nempe
850 2773 977 2843 Seneca
995 2793 1054 2842 eos
1072 2793 1141 2842 non
1160 2780 1292 2842 tantum
1315 2769 1424 2858 admi·-

382 2890 464 2978 rari,
485 2889 545 2961 sed
564 2899 598 2960 et
609 2889 765 2961 venerari
783 2888 931 2960 videtur.
951 2891 1047 2960 Hanc
1068 2889 1133 2959 illis
1152 2889 1288 2960 landem
1310 2885 1426 2957 multis

381 3005 462 3078 locis
482 3007 611 3094 tribuit,
632 3028 701 3078 non
720 3006 823 3076 luisse
844 3001 1096 3078 cathedrarios
1120 3001 1299 3090 doctores,
1321 3001 1427 3074 labris

382 3132 479 3195 tenus
497 3125 794 3218 philosophantes,
809 3145 997 3218 eorumque
1011 3124 1224 3212 modestiam,
1245 3143 1363 3196 veram
1374 3122 1425 3190 in·

381 3248 580 3332 tegramque
597 3241 758 3311 virtutem
770 3239 1027 3311 circulatoribus
1045 3249 1078 3310 ct
1099 3240 1275 3334 sapientiae
1292 3237 1424 3309 instito-

381 3357 477 3428 ribus
507 3356 658 3447 objicitl.
686 3355 768 3426 lnde
794 3357 860 3426 illis
878 3363 973 3427 tanta
993 3357 1046 3429 vis
1069 3355 1293 3448 eloquentiae,
1318 3354 1425 3424 multa

384 3472 474 3565 apud
487 3471 649 3564 populum
669 3473 793 3564 gratia,
806 3481 839 3544 et
852 3473 887 3543 in
899 3473 1163 3548 adolescentium
1175 3471 1308 3544 animos
1320 3472 1422 3562 longa

384 3583 584 3658 dominatio!

422 3799 427 3830 ¹
443 3803 491 3866 sp.
504 3821 548 3854 ur.

338 3905 340 3910 ·
420 3881 490 3946 ’Ep
505 3903 546 3936 ιι..

420 3972 530 4026 ’Cento
544 3993 578 4042 u,
591 3975 665 4039 prat.

422 4059 482 4116 ‘De
497 4059 573 4117 brae.
589 4063 638 4118 eit.
653 4085 680 4118 x.
1117 4121 1120 4128 ,

421 4147 430 4178 ⁵
448 4170 460 4196 «
479 4150 600 4204 Dubitare
614 4163 642 4204 se
655 4153 758 4204 loterim
772 4153 899 4205 Fabianus
916 4157 1002 4204 noster
1015 4153 1115 4218 alebat,
1132 4163 1165 4206 an
1179 4150 1257 4205 sartos
1271 4157 1338 4206 osset
1349 4151 1426 4204 nullls

385 4241 473 4292 studiis
484 4243 623 4304 admoveri,
637 4256 711 4306 quam
724 4243 763 4294 bis
778 4244 911 4306 tmptient.
928 4240 1006 4310 n(De
1018 4239 1092 4296 brev.
1105 4243 1155 4300 ott.
1166 4244 1232 4308 xm.)

421 4327 431 4358 ⁶
445 4344 460 4378 u
472 4331 576 4383 solebat
586 4330 670 4382 dicere
682 4332 818 4394 Fabianus,
830 4346 881 4384 non
897 4346 927 4383 er
939 4334 978 4384 lats
987 4334 1148 4386 cathedrarils
1161 4333 1327 4397 philosophis,
1338 4333 1383 4384 sed
1396 4345 1425 4382 ex

387 4418 452 4468 veris
467 4417 625 4483 stantionis,
636 4424 721 4469 contra
736 4421 839 4472 enectus
850 4422 956 4484 impetn,
973 4433 1025 4474 non
1037 4423 1176 4476 mbtilttats
1190 4422 1367 4488 pugnandum,
1380 4434 1427 4472 noc
