3158 5158
833 773 890 844 Vl.

341 972 376 1025 lle
390 969 549 1037 philosophis
559 971 602 1036 qui
616 971 764 1038 sapientiam
780 971 807 1023 iu
823 973 914 1024 scholis
931 972 1021 1024 docere
1035 971 1223 1039 profitebantur.
1238 995 1269 1010 -·
1288 973 1386 1026 Sextius
1407 1009 1409 1014 -

368 1060 482 1118 aterque,
493 1053 571 1116 Sotio,
581 1053 685 1113 Attalus,
696 1052 828 1106 Fabianus.
840 1081 870 1090 -
880 1055 915 1104 De
924 1067 1028 1104 romana
1036 1062 1105 1106 secta
1122 1061 1146 1104 et
1154 1055 1229 1104 latine
1240 1053 1386 1106 docentibus

368 1134 502 1198 magistris.
512 1134 629 1196 —Quom
642 1147 749 1184 accensa
761 1133 854 1184 luerint
871 1133 1049 1200 discipulorum
1061 1135 1087 1183 iu
1099 1133 1281 1201 philosophiam
1295 1134 1384 1197 studim

368 1222 461 1280 quanta
474 1213 540 1264 tama
555 1213 742 1278 magistrorum.

390 1385 564 1473 Plurima,
584 1386 640 1457 vel
658 1396 737 1456 aute
754 1385 962 1480 principatus
978 1397 1145 1480 tempora,
1166 1386 1385 1482 philosopho·

341 1523 418 1572 rum
430 1501 556 1573 scholae
568 1501 869 1574 iuUrheinstitutae
880 1512 970 1592 sunt,
985 1503 1042 1575 sed
1056 1503 1382 1595 graecedooentium.

341 1617 394 1688 Ne
411 1639 468 1688 ars
482 1617 621 1711 quidem
644 1619 777 1691 dicendi
796 1629 869 1690 tum
891 1620 994 1692 latine
1008 1621 1205 1708 docebatur,
1222 1620 1385 1713 quoniam

342 1733 452 1805 Crassi
467 1735 619 1806 censoris
637 1735 746 1806 edicto
764 1735 859 1806 latini
871 1735 1024 1822 rhetores
1035 1736 1285 1806 Romaluerant
1299 1736 1385 1826 ejec-

342 1848 367 1916 ti
382 1845 407 1916 ¹.
430 1850 487 1934 At,
504 1849 642 1920 ineunte
655 1850 858 1943 principatu,
883 1851 988 1941 aliqui
1006 1850 1061 1922 vel
1075 1873 1118 1921 ex
1139 1849 1291 1922 honestis
1304 1850 1386 1922 viris

342 1973 374 2036 et
384 1964 552 2057 ingenuis,
564 1966 620 2037 vel
638 1965 740 2037 etiam
754 1987 799 2036 ex
812 1965 961 2058 equestri
973 1965 1105 2055 ordine,
1117 1965 1285 2036 rhetorica
1298 1988 1387 2060 prae·

341 2091 438 2175 cepta
465 2081 569 2154 latine
587 2081 722 2154 tradere
740 2093 929 2176 ooeperuut,
958 2083 1046 2154 iuter
1064 2102 1151 2174 quos
1170 2082 1342 2172 Blandus,
1354 2090 1387 2152 ct

342 2197 469 2269 Seneca
483 2209 591 2291 pater,
611 2199 775 2291 multique
788 2220 934 2292 quorum
945 2198 1081 2270 uomina
1096 2206 1130 2268 et
1141 2198 1387 2270 controversias

340 2312 504 2383 habemus
517 2316 544 2381 ².
560 2313 801 2406 Philosophos,
816 2324 896 2385 aute
912 2313 1059 2404 Augusti
1076 2313 1220 2384 Caesaris
1235 2321 1383 2404 aetatem,

342 2429 446 2500 latine
457 2428 652 2522 disputasse
665 2451 733 2500 non
752 2431 836 2501 mihi
848 2430 997 2518 videtur,
1019 2452 1097 2501 cum
1110 2431 1274 2523 prolecta,
1291 2429 1319 2501 si
1332 2451 1388 2505 res

341 2544 387 2615 ita
405 2544 643 2634 sehahuisset,
664 2547 712 2618 Μ.
733 2547 861 2619 Tullius
878 2547 1084 2619 mentionem
1094 2548 1167 2638 ejus
1181 2547 1330 2639 aliquam
1348 2547 1384 2619 iu

342 2663 437 2733 lihris
452 2664 523 2734 suis
537 2665 720 2756 injecisset,
736 2688 800 2737 neo
814 2667 907 2739 credi
914 2666 1034 2760 possit,
1048 2667 1165 2756 ejectis
1179 2664 1384 2757 rhetoribus,

343 2779 641 2874 philosophosesse
649 2782 954 2854 conservatos.Ubi
962 2804 1045 2854 vero
1054 2781 1284 2853 Romanorum
1292 2779 1388 2875 pleri·

343 2897 1388 2993 quedoctrinamdiligentiuspertractarunt,etnonnulliscrip

343 3013 384 3083 tis
401 3037 477 3086 eam
485 3018 654 3110 persecuti
669 3026 759 3104 suut,
780 3025 852 3088 tum
868 3037 979 3087 sermo
990 3015 1127 3104 latinus,
1147 3013 1387 3086 excellentium

341 3129 553 3223 ingeniorum
567 3155 649 3205 oura
661 3133 847 3228 perpolitus
860 3113 901 3204 eo
919 3131 1019 3203 ditior
1032 3131 1155 3222 lactus,
1171 3153 1235 3202 neo
1242 3127 1316 3222 jam
1329 3151 1387 3200 re-

381 3361 387 3388 ¹
400 3364 456 3413 Duo
470 3365 502 3415 de
514 3364 669 3438 philosophis
682 3378 711 3414 ac
723 3365 865 3414 rhetoribus
882 3363 962 3415 edicta
983 3363 1053 3414 tuere
1074 3378 1081 3413 :
1096 3363 1166 3426 prius
1177 3361 1287 3412 edictum
1297 3367 1335 3414 cst
1347 3375 1388 3413 se-

345 3457 435 3517 notus,
451 3467 518 3506 anno
531 3453 598 3519 595,
614 3454 733 3506 adversus
754 3455 917 3516 philosophos
939 3467 1032 3517 grecos
1047 3467 1053 3502 :
1066 3453 1172 3504 alterurn
1191 3455 1231 3504 est
1241 3465 1384 3513 censorum,

344 3553 412 3591 euno
428 3539 480 3590 662
489 3579 497 3605 ,
510 3542 629 3593 adversus
649 3545 762 3594 rhetores
778 3544 879 3608 latinos,
901 3545 1020 3606 quoniam
1037 3563 1048 3588 ι
1073 3547 1163 3604 prater
1177 3541 1388 3592 consuetudinem

344 3643 372 3680 ac
384 3644 481 3681 morem
498 3634 621 3694 majorum
637 3639 703 3683 esset
717 3649 731 3680 n
745 3633 822 3683 latine
837 3633 988 3683 rhetoricam
1005 3632 1108 3682 doceri:
1123 3645 1173 3694 quo
1187 3632 1266 3695 magis
1279 3629 1311 3682 tle
1327 3631 1386 3694 phi·

344 3719 457 3783 losophis
476 3722 616 3783 putandum
631 3727 678 3772 est.
693 3723 721 3772 L.
738 3722 850 3772 Plotium
871 3723 981 3783 primurn
996 3721 1073 3771 lutino
1093 3722 1207 3772 docuisse
1219 3721 1386 3786 rhetoricam,

344 3820 371 3857 se
386 3821 480 3869 puero,
492 3809 579 3860 Cicero
593 3815 679 3860 auctor
693 3814 744 3868 est;
758 3810 779 3859 is
792 3811 922 3872 proiecto,
936 3813 993 3872 post
1007 3809 1137 3876 edictum,
1153 3809 1243 3860 docere
1259 3809 1342 3859 desiit.
1352 3817 1388 3846 a·

345 3895 407 3959 Sed,
422 3897 496 3958 paulo
510 3902 569 3948 ante
581 3898 766 3961 principatum,
783 3897 899 3949 ridemus
908 3899 1006 3961 aliquos
1020 3899 1133 3949 rhetores
1143 3899 1234 3949 latinos
1246 3911 1331 3948 rursus
1346 3910 1389 3948 ex·

344 3987 481 4036 surrexisse
494 3984 537 4052 (V.
550 3990 656 4043 Sueten.
669 4015 703 4024 -
712 3989 841 4038 Plutarch.
852 3983 902 4051 (De
913 3984 1058 4056 Antonio).
1070 4013 1104 4026 -
1115 3990 1238 4039 Senecam
1256 3989 1345 4040 contr.
1357 4006 1387 4053 rr,

345 4073 425 4140 praei.)
439 4103 474 4112 -
483 4078 521 4128 De
534 4078 581 4128 hac
592 4078 702 4129 omni-re
715 4078 782 4140 legas
798 4076 956 4127 doctissimos
967 4078 1032 4127 viros
1045 4073 1157 4129 Naedet
1170 4076 1259 4143 (head.
1271 4078 1386 4142 inscript.

345 4167 365 4215 t.
381 4153 429 4232 IX)
442 4171 467 4216 et
481 4161 579 4234 Eyper
589 4160 701 4236 (Thesim
717 4167 749 4217 dc
761 4169 826 4216 lust.
840 4179 911 4228 puer.
928 4179 968 4227 ap.
983 4164 1069 4230 Rom.)
1128 4235 1131 4242 .

382 4259 392 4289 ²
404 4265 435 4314 V.
446 4266 566 4316 controv.
580 4267 597 4316 l.
608 4268 621 4315 Ι
633 4271 657 4316 et
666 4267 684 4316 i.
700 4267 725 4316 11
735 4264 804 4327 prat.
822 4265 912 4316 rhute
927 4265 1000 4314 illum
1015 4263 1160 4330 (Blandum)
1174 4265 1240 4316 intra
1255 4265 1387 4318 libertinos

346 4361 510 4418 preceptores
526 4357 699 4418 pulcherrime
712 4354 851 4417 disciplina
870 4355 1067 4407 continebantur
1081 4370 1088 4404 z
1104 4360 1130 4406 et
1141 4357 1246 4408 minime
1261 4355 1386 4420 probabili

347 4456 426 4505 more,
441 4450 512 4508 turpe
528 4449 581 4496 erat
594 4444 683 4495 docere
697 4444 763 4506 puori
775 4445 911 4496 honestum
926 4449 980 4496 eret
992 4444 1097 4496 discere.
1117 4465 1127 4488 ι
