3168 5150
672 407 794 460 „9-

212 529 293 623 phia
312 529 446 617 enituit,
464 529 541 600 etin
553 526 838 624 disputationibus
852 535 903 598 est
914 526 1153 600 declamatum.
1169 529 1256 600 Nam

211 655 288 740 post
305 645 473 718 Ciceronis
496 654 644 733 aetatem,
665 666 734 715 non
750 646 824 735 jam
841 653 971 714 tantum
993 667 1117 738 graece,
1139 644 1200 715 sed
1222 654 1256 714 et

211 876 304 966 bant,
327 886 360 948 et
383 875 495 946 Cicero
514 876 586 968 ipse
600 875 837 947 animadvertit
858 875 944 966 jam,
966 876 1092 946 multos
1106 877 1162 946 vel
1177 897 1253 964 suo,

210 993 265 1062 vel
275 991 403 1062 Rabirii
413 1000 447 1060 et
456 990 615 1061 Amafinii
626 993 797 1085 exemplo,
813 992 857 1062 ad
867 991 1085 1062 scribendum
1094 1013 1168 1060 esse
1176 1013 1257 1062 con·
1284 1053 1288 1062 .

211 1109 343 1192 citatos
358 1115 392 1176 et
408 1106 503 1176 libris
517 1107 650 1178 ltaliam
664 1129 850 1200 occupasse
861 1107 887 1176 ¹.
908 1105 1005 1194 Inde,
1020 1129 1088 1178 nou
1106 1107 1177 1198 jam
1191 1115 1257 1176 stu·

211 1223 344 1294 diorum
357 1243 461 1293 causa
473 1221 627 1294 Athenas
644 1224 899 1316 peregrinatum
912 1232 976 1310 est,
995 1215 1153 1293 videlicet
1171 1221 1256 1315 quia

210 1338 333 1410 scholis
342 1337 459 1408 Romae
468 1338 731 1410 institutiserant
739 1339 941 1425 contenti,et
960 1338 1040 1408 huic
1053 1339 1256 1410 novolatine

212 1464 392 1525 stromane
403 1454 664 1548 philosophandi
678 1455 794 1546 generi
809 1455 963 1525 homines
976 1475 1190 1548 summopere
1199 1454 1255 1522 in-

211 1569 430 1641 cumbebant.

258 1687 464 1779 Quanquam
478 1687 640 1776 Romani,
668 1695 705 1756 ut
719 1686 886 1772 diximus,
907 1671 943 1754 in
960 1706 1095 1754 morum
1114 1685 1256 1755 scientia

207 1802 359 1872 maxime
372 1806 499 1874 versati
523 1813 614 1893 sunt,
645 1814 717 1873 erat
738 1802 838 1872 etiam
861 1802 965 1871 altera
990 1822 1071 1893 pars
1096 1822 1175 1893 quae
1197 1822 1255 1872 eos

208 1918 414 2010 quibusdam
435 1920 604 1991 illecebris
624 1919 764 1992 duxisse
787 1918 934 2007 videtur,
957 1939 1033 1988 eam
1061 1916 1149 2005 dico,
1175 1939 1254 2010 quae
1330 2000 1331 2004 Ἰ

209 2033 243 2102 iu
256 2030 527 2129 Quoeslionibus
537 2031 775 2105 naturalibus
788 2035 852 2105 sita
862 2046 925 2104 est.
935 2031 990 2104 Ad
1003 2055 1108 2126 quam
1122 2035 1253 2126 ample·

209 2149 379 2236 ciendam,
403 2171 457 2239 eo,
479 2161 517 2219 ut
541 2150 675 2241 opinor,
690 2150 917 2219 incitabantur
931 2147 1024 2240 quod
1046 2169 1113 2217 non
1137 2147 1254 2217 inutile

209 2263 451 2334 existimabant
467 2263 533 2334 boc
557 2286 665 2354 genus
686 2264 864 2350 doctrinae,
883 2270 917 2332 et
938 2259 1006 2333 non
1029 2263 1122 2332 nulla
1145 2284 1191 2332 ex
1215 2285 1254 2333 eo

209 2379 399 2468 commoda,
417 2381 472 2452 vel
486 2388 576 2450 certe
593 2381 734 2451 honesta
748 2380 1006 2466 oblectamenta,
1020 2378 1129 2470 quaeri
1139 2399 1251 2472 posse.
1338 2462 1341 2468 ¹

209 2494 254 2566 At
271 2517 339 2566 non
358 2498 521 2588 estquod
538 2496 649 2567 dicere
664 2497 792 2589 possim
811 2503 975 2588 quantum
995 2495 1029 2563 in
1048 2516 1089 2565 eo
1103 2495 1253 2587 prosece-

210 2612 289 2700 rint,
311 2611 517 2704 Graecosque
535 2612 785 2706 superaverint,
807 2611 874 2681 nisi
896 2613 980 2682 forte
999 2611 1187 2705 putandum
1204 2620 1256 2681 est

209 2725 317 2819 ipsam
336 2728 467 2822 imperii
486 2728 755 2820 magnitudinem
768 2738 801 2798 et
819 2727 969 2819 ingentia
982 2728 1128 2798 marium
1143 2737 1253 2798 acter-

210 2863 325 2912 rarum
351 2847 550 2936 spatiatum
574 2845 723 2937 primum
749 2852 867 2937 aperta
891 2852 925 2914 et
947 2844 1088 2915 lustrata
1110 2845 1253 2913 mullum

209 2958 327 3027 auxilii
357 2959 590 3052 quaerentibus
619 2960 784 3047 attulisse,
814 2959 908 3050 quod
928 2981 973 3028 ex
994 2959 1127 3051 scriptis
1157 2959 1253 3028 Plinii

210 3074 349 3162 majoris
363 3083 473 3168 patet3
495 3073 628 3144 sedhic
646 3073 762 3144 latinae
783 3072 983 3142 eruditionis
1006 3072 1162 3166 princeps
1185 3094 1254 3143 non

211 3188 283 3278 ejus
312 3199 375 3279 est,
406 3189 450 3260 de
474 3211 542 3282 qua
567 3189 783 3282 inquirimus,
809 3187 920 3258 aetatis
934 3188 960 3255 2.
980 3186 1071 3260 Satis
1090 3187 1132 3257 sit
1151 3187 1254 3280 igitur

248 3380 253 3408 ¹
276 3399 289 3430 u
302 3385 362 3434 Post
373 3383 624 3434 Amafiniumnutem
641 3384 713 3434 multi
732 3383 845 3446 ejusdem
860 3383 944 3432 amuli
961 3383 1065 3434 rationis
1082 3383 1161 3432 multa
1175 3396 1252 3445 quum

211 3473 382 3535 scripsissent,
399 3475 496 3524 Italiam
519 3478 597 3524 totum
615 3479 809 3536 occupaverunt.
824 3487 839 3522 ιι
855 3473 894 3536 (Q.
910 3475 986 3524 Tusc.
1002 3493 1037 3536 ιι,
1052 3469 1091 3537 5.)
1106 3498 1141 3510 -
1155 3488 1169 3519 u
1185 3474 1254 3523 Libri

210 3563 289 3612 nostri
303 3562 443 3624 complures
458 3577 510 3613 non
526 3563 601 3614 modo
619 3563 651 3612 ud
669 3563 787 3625 legendi,
805 3563 849 3612 sed
864 3563 939 3614 etium
957 3562 1128 3613 adscribendi
1143 3562 1254 3612 studium

212 3653 391 3702 excitaverunt.
406 3670 420 3698 n
435 3650 484 3719 (De
496 3649 555 3721 off„
571 3673 604 3715 ιι,
621 3650 658 3718 l.)
677 3656 746 3701 inter
766 3653 821 3701 illos
835 3653 965 3702 ciceronis
983 3652 1086 3702 emulos
1100 3651 1199 3702 dandus
1218 3657 1257 3702 est

211 3742 248 3792 M.
264 3737 350 3792 Bruto
366 3741 443 3800 locus,
456 3743 526 3804 cuius
542 3743 634 3792 librum
649 3741 680 3791 de
697 3738 798 3791 uirtute
814 3741 917 3791 laudant
930 3742 1017 3792 Cicero
1032 3741 1114 3805 (Tusc.
1129 3759 1155 3803 v,
1173 3742 1183 3788 l
1196 3755 1203 3800 ς
1219 3766 1255 3779 -

211 3827 250 3880 De
264 3826 325 3898 piu,
336 3849 359 3894 1,
374 3828 412 3896 ὅ),
427 3835 451 3880 et
465 3833 560 3882 Seneca
573 3830 614 3897 (ad
629 3831 704 3884 Helu.
717 3831 752 3892 9).
766 3831 863 3881 Dicitur
875 3831 950 3882 etium
963 3831 994 3882 de
1007 3827 1103 3900 officiis
1114 3830 1252 3892 scripsisse.

211 3920 249 3968 De
261 3921 337 3970 Bruto
350 3920 498 3970 Ciceronem
513 3921 617 3971 audias:
631 3939 644 3966 u
657 3917 760 3973 Brutus
774 3920 877 3983 quidem
893 3924 978 3972 noster
988 3921 1112 3972 excellens
1122 3921 1192 3970 omni
1207 3933 1254 3982 ge-

212 4019 274 4057 nere
286 4008 366 4058 landis
374 4011 409 4059 sic
419 4009 602 4074 philosophiam
614 4005 713 4062 latinis
724 4005 825 4061 litteris
834 4010 1002 4074 persequitur,
1012 4011 1074 4060 nibil
1085 4015 1113 4060 ut
1121 4009 1212 4061 iisdem
1223 4009 1255 4060 de

212 4096 287 4146 rebus
299 4109 313 4146 a
325 4099 418 4148 Grecis
430 4099 568 4149 desideres.
582 4118 594 4142 ι
608 4097 697 4166 (Acud.
711 4118 739 4159 n,
753 4099 772 4148 l.
783 4101 805 4159 l,
818 4095 858 4168 5.)

248 4183 366 4236 ²Tameu
382 4200 433 4238 non
448 4189 555 4239 multum
570 4189 602 4238 ab
615 4202 645 4239 aa
661 4194 733 4240 atate
747 4189 842 4239 recedit
857 4189 964 4253 Plinius,
977 4202 1034 4239 cum
1049 4193 1122 4239 natus
1141 4188 1174 4238 sit
1187 4200 1256 4238 anno

212 4273 264 4326 lere
279 4276 352 4327 tertio
372 4281 398 4327 et
412 4277 533 4342 vigesimo
548 4283 604 4341 post
617 4280 755 4331 Christum.
770 4278 820 4330 Sed
837 4291 913 4341 opera
927 4281 981 4342 ejus
999 4279 1030 4328 ad
1052 4279 1157 4330 alteram
1169 4276 1265 4350 saculi

214 4369 309 4428 purtem
320 4365 456 4430 pertinent.
