3168 5150
761 499 901 554 -iss-

309 623 401 716 dem,
415 633 550 719 sumpta
571 624 615 694 ab
640 624 805 718 Epicur03
825 625 887 696 sed
906 621 1000 711 illud,
1018 632 1056 693 ut
1070 621 1204 715 opinor,
1225 641 1354 693 novum

294 757 350 813 ‘ac
361 741 487 812 mirum
505 739 664 833 estquod
686 742 731 813 ad
745 743 916 812 Romanos
935 739 1042 828 viros,
1069 739 1213 812 civitatis
1227 737 1354 832 prinoi-

310 879 382 950 peS,
421 857 644 928 scribuntur:
674 879 755 928 nam
773 858 821 928 M.
850 856 992 944 Tullius,
1031 857 1094 927 etsi
1127 854 1353 951 philosophiae

310 972 410 1044 valde
437 971 622 1058 studiosus,
655 980 727 1043 erat
750 971 930 1066 quodsipsi
959 972 1185 1066 philosophiae
1212 979 1350 1064 antepo-

310 1097 419 1178 neret,
455 1109 518 1158 nec
550 1109 628 1160 eam
659 1095 738 1159 ante
765 1087 880 1160 omnia
918 1088 1145 1161 necessariam
1181 1087 1350 1159 censebat.
1461 1163 1463 1168 ¹

310 1205 438 1277 Eodem
455 1205 556 1276 modo
578 1214 681 1297 atquo
706 1205 878 1295 Horatius,
897 1205 1052 1276 Seneca:
1077 1230 1095 1270 u
1115 1205 1258 1276 Exercet
1275 1202 1356 1298 phi-

313 1346 331 1390 »
359 1318 514 1414 losophia
539 1342 683 1412 regnum
703 1341 833 1390 suum:
868 1322 927 1392 dat
948 1330 1093 1415 tempus,
1123 1341 1192 1392 non
1218 1319 1353 1412 accipit.

313 1465 332 1506 »
359 1436 435 1508 Non
462 1444 514 1507 est
539 1458 593 1507 res
624 1435 820 1522 suhcesiva;
841 1435 1013 1508 ordinaria
1039 1444 1101 1525 est,
1132 1434 1271 1506 domina
1285 1442 1353 1524 est;

313 1580 332 1621 »
360 1552 468 1641 adest,
484 1560 518 1624 et
537 1552 679 1644 jubet...
699 1553 818 1624 Totam
842 1554 910 1626 huc
924 1561 1084 1626 converte
1100 1560 1261 1638 mentem,
1276 1549 1357 1620 huic

314 1695 332 1736 a
361 1668 487 1757 asside,
507 1668 597 1740 hanc
616 1666 729 1741 cole¹.
760 1696 778 1736 »

360 1786 471 1872 Nunc,
498 1807 542 1855 ex
572 1783 730 1877 eoquod
759 1784 932 1856 contendit
957 1783 1181 1877 philosophiae
1205 1780 1356 1853 studium

310 1923 383 1972 rem
398 1923 472 1972 esse
494 1903 647 1972 omnium
677 1901 1006 1994 praestantissimam,
1042 1901 1195 1992 sequitur
1223 1905 1261 1968 ut
1290 1895 1356 1965 hoc

310 2017 413 2089 etiam
432 2017 568 2088 addat«
585 2019 793 2087 maximam
810 2019 1076 2088 animacuram
1088 2037 1164 2086 esse
1179 2008 1354 2083 adhiben-

311 2129 414 2221 dam,
434 2156 519 2204 cum
531 2136 716 2232 praeceptis
735 2129 1028 2230 informandam,
1042 2124 1285 2228 prudentibus
1300 2123 1355 2196 di·

312 2244 507 2344 rigendum
525 2251 709 2336 institutis,
726 2251 824 2318 uitiis
839 2243 1148 2346 expurgandum,
1164 2239 1356 2314 adornan-

311 2360 403 2434 dum
423 2361 660 2434 uirtutibur2.
692 2389 709 2432 >r
727 2365 801 2433 Jam
832 2365 1006 2434 hominem
1034 2361 1182 2432 hominis
1214 2378 1358 2429 munera

310 2499 471 2549 exercere
489 2478 600 2569 jubet,
616 2500 730 2548 secum
744 2477 911 2568 hahitare,
933 2477 986 2548 sui
1004 2485 1196 2571 compotem
1217 2472 1304 2560 fieri,
1323 2482 1357 2566 et

309 2604 456 2666 remotas
473 2595 518 2665 ab
533 2594 636 2665 robus
661 2594 810 2672 externis
836 2593 1056 2685 cogitationes
1074 2592 1111 2662 in
1138 2590 1357 2682 semetipsum

309 2712 480 2796 reducere,
494 2723 532 2780 ut
545 2711 610 2780 sibi
627 2711 790 2781 inserviat
801 2709 934 2801 sibique
947 2712 1056 2780 vivat.
1071 2709 1138 2779 Sed
1150 2728 1220 2800 qua
1239 2706 1297 2778 via
1314 2705 1356 2775 fi-

309 2843 389 2898 nem
410 2826 502 2896 hunc
520 2826 741 2919 assequetur?
759 2826 908 2896 Plurima
928 2834 1006 2897 sunt
1020 2847 1100 2916 quae
1118 2825 1163 2895 ab
1182 2844 1223 2894 eo
1237 2822 1357 2916 praeci-

309 2943 473 3035 piuntur:
498 2969 516 3008 a
534 2938 762 3040 Sapientiam
789 2938 898 3012 libros
925 2936 1098 3038 legendos
1123 2963 1210 3026 esse,
1235 2937 1357 3008 colen·

309 3053 381 3128 das
396 3059 602 3145 amicitias;
620 3081 812 3156 nunquam
836 3054 882 3128 de
896 3059 1010 3128 animi
1033 3059 1223 3127 curatione
1237 3049 1356 3123 umbi-

306 3169 471 3269 gendum
496 3187 565 3245 aut
593 3169 946 3270 procrastinandum
953 3205 971 3262 ,·
989 3173 1189 3270 praesertim
1219 3167 1355 3265 eligen-

348 3405 354 3433 ¹
374 3407 422 3467 Ep.
434 3423 486 3458 uu.

347 3507 356 3538 ²
383 3511 510 3563 Nimirum
520 3522 607 3572 supere
618 3514 656 3560 cst
665 3509 768 3571 abjectis
779 3509 840 3560 utile
854 3509 973 3573 nugis...

383 3585 416 3632 Et
425 3595 489 3634 rerae
500 3594 671 3644 numerosque
682 3581 821 3643 modosque
833 3581 944 3633 ediscere
953 3580 1044 3632 vitu...
1087 3576 1146 3648 (Ep.
1155 3597 1184 3641 11,
1194 3577 1220 3640 2,
1229 3591 1255 3630 r.
1263 3572 1336 3645 tho.)

380 3706 473 3756 Lenior
485 3710 510 3755 et
522 3705 611 3755 melior
623 3703 653 3778 fis
667 3704 802 3756 accedente
817 3709 970 3757 senectae..
1124 3697 1215 3772 (teta,
1226 3701 1300 3768 etr.)

381 3830 447 3890 Quid
460 3843 548 3880 verum
559 3833 634 3892 etque
644 3829 736 3880 decens
746 3843 806 3879 euro
817 3833 841 3879 et
852 3841 922 3891 rogo,
937 3833 962 3878 et
973 3827 1056 3878 omnis
1065 3827 1092 3877 iu
1104 3827 1152 3878 hoc
1162 3841 1264 3879 sum...

381 3904 467 3952 Restat
479 3906 506 3951 ut
518 3901 556 3950 his
569 3914 614 3963 ego
625 3914 666 3951 me
678 3901 732 3962 ipse
743 3915 826 3964 regum
837 3901 952 3962 solerque
963 3900 1130 3953 elementis...

382 3975 473 4022 Ferret
485 3972 588 4022 avaritia
602 3973 745 4034 miseroque
755 3973 873 4034 cupidine
884 3975 987 4034 pectus?

382 4046 446 4094 Sunt
457 4044 533 4094 verbu
544 4048 568 4093 et
580 4056 652 4093 voces
664 4044 755 4105 quihus
769 4045 836 4094 hunc
848 4043 927 4092 lenire
938 4043 1051 4092 dolorem

380 4115 474 4174 Possis,
489 4119 514 4164 et
526 4127 643 4176 magnam
656 4115 737 4164 morht
753 4116 880 4176 deponere
894 4119 1036 4175 partem...

381 4189 463 4236 Nemo
475 4185 537 4234 adeo
550 4186 616 4235 ferus
630 4191 667 4236 est
680 4192 708 4236 ut
721 4200 771 4236 non
788 4186 919 4236 mitescere
934 4186 1022 4246 possit,

381 4259 407 4308 Si
423 4257 498 4308 modo
510 4256 612 4306 culturae
626 4258 764 4320 patientem
779 4255 1056 4309 commonstrarem...
1157 4249 1217 4325 (Ep.
1228 4271 1247 4314 1,
1262 4250 1299 4320 1.)

381 4385 512 4434 Certemus
524 4380 609 4444 spinas
622 4381 709 4434 animo
721 4395 754 4434 ne
767 4394 812 4444 ego
824 4381 922 4442 tostius,
936 4394 968 4432 un
978 4385 1007 4432 tu

381 4473 480 4524 Evellas
489 4484 562 4534 ugro;
576 4475 601 4522 et
612 4472 701 4522 melior
713 4471 925 4536 sacrorumque
936 4475 1026 4524 rest...
1120 4467 1190 4535 (Ep,
1206 4468 1223 4520 Ι.
1236 4463 1316 4532 XIV.)
