3158 5158
768 402 874 498 e-'ur
892 471 928 482 -

327 601 345 635 ¹«
368 572 479 642 Canus
493 570 621 656 Julius,
643 569 698 640 vir
714 568 883 661 imprimis
904 589 1063 661 magnus,
1091 569 1188 658 cujus
1217 567 1365 638 admira·

326 687 407 758 tioni
426 707 468 756 ne
488 685 554 755 hoc
575 683 711 777 quidem
737 685 849 754 obstat
870 683 960 776 quod
981 692 1097 754 nostro
1118 684 1243 754 saeoolo
1267 693 1367 754 natus

325 811 394 888 est,
413 822 492 872 cum
513 801 593 872 Caio
613 799 674 871 diu
695 798 889 886 attercatus,
915 807 1096 893 postquam
1117 800 1256 870 abeunti
1280 799 1368 868 Pha-

325 915 405 988 laris
418 917 473 988 ille
487 915 586 1001 dixit
601 943 618 978 <r
636 914 776 985 neforto
792 914 907 1007 inepta
925 935 985 1006 spe
999 913 1059 985 tibi
1071 914 1273 1004 blandiaris,
1289 899 1367 986 duci

326 1039 357 1102 te
371 1031 457 1122 jussi
475 1056 481 1098 :
504 1055 521 1098 u
536 1054 553 1098 c
568 1029 713 1118 Gratias,
727 1029 850 1120 inquit,
865 1049 945 1118 ago,
961 1029 1087 1123 optimc
1101 1029 1301 1122 princeps...
1311 1085 1333 1099 ..
1347 1058 1366 1098 »

325 1146 479 1218 Ludebat
490 1145 700 1234 latrunculis,
721 1142 977 1230 cumconturic,
999 1164 1124 1234 agmen
1142 1144 1368 1238 periturorum

326 1261 476 1347 trahens,
498 1260 591 1330 iilum
610 1281 750 1352 quoque
767 1258 909 1328 excitari
929 1258 1038 1348 jubet.
1058 1259 1220 1346 VocatuS,
1244 1283 1370 1331 nume-

326 1377 416 1448 ravit
428 1375 630 1462 calcuIOS‚et
644 1373 754 1448 sodali
766 1393 840 1460 suo,
856 1373 1112 1466 ‹tridepinquit
1129 1385 1266 1468 nepost
1276 1397 1370 1446 mar·

326 1503 393 1564 tem
406 1512 515 1562 meam
524 1489 697 1561 mentiaris
704 1498 738 1560 te
748 1489 883 1559 vicisse.
897 1490 983 1560 Tum
991 1511 1145 1560 annuens
1155 1491 1343 1564 centurioni
1357 1517 1364 1560 :

328 1607 480 1694 «Testis,
498 1606 619 1697 inquit,
636 1605 716 1692 eric,
726 1626 796 1676 unc
804 1627 859 1676 me
868 1605 1113 1676 antecedere...
1130 1607 1257 1678 Tristes
1272 1616 1370 1678 erant

325 1723 439 1810 amici,
460 1723 562 1794 tadem
585 1720 744 1792 amissuri
761 1719 887 1790 virum.
908 1719 1001 1804 Quid
1020 1721 1147 1810 moesti,
1169 1721 1291 1815 inquit,
1317 1744 1370 1794 es·

325 1839 394 1910 tis?
409 1839 478 1908 Vos
490 1835 655 1929 quaeritis‚
678 1859 724 1907 an
741 1835 950 1906 immortales
970 1836 1099 1906 animae
1114 1836 1204 1928 sint3
1221 1859 1284 1928 ego
1299 1839 1371 1928 jam

326 1963 476 2033 sciam...
506 1961 778 2053 Prosequebatur
802 1961 898 2031 iilum
927 1957 1149 2054 philosophus
1176 1983 1280 2054 suus3
1309 1985 1372 2034 nec

323 2079 396 2170 jam
408 2079 525 2172 procul
537 2087 609 2148 erat
626 2077 789 2176 tumulae,
804 2075 839 2146 in
858 2077 1065 2168 quc-Caesari
1083 2079 1156 2148 Deo
1176 2087 1294 2152 nostro
1310 2077 1373 2148 fie-

326 2194 387 2264 bat
403 2193 642 2286 quotidianum
656 2213 806 2262 sacrum.
825 2191 928 2278 Quid,
950 2193 1072 2284 inquit,
1088 2193 1192 2283 Cane,
1208 2215 1301 2266 nunc
1312 2213 1373 2264 cc-

327 2309 439 2403 gitas?
457 2317 516 2378 aut
528 2329 607 2399 quae
620 2306 680 2377 tihi
691 2330 787 2378 mens
802 2305 879 2378 est?
897 2307 1101 2394 Observare,
1117 2307 1231 2400 inquit
1243 2308 1368 2400 Canus,

327 2423 490 2519 proposui
503 2424 561 2494 illc
571 2421 786 2494 velocissimo
804 2433 988 2510 momento,
1002 2445 1046 2494 an
1060 2443 1223 2494 sensurus
1237 2427 1280 2494 sit
1293 2423 1373 2494 ani-

329 2561 406 2608 mus
420 2539 514 2610 exire
530 2559 578 2610 se.
597 2537 832 2630 promisitque,
854 2539 883 2608 ei
898 2539 981 2631 quid
990 2539 1215 2632 explorasset,
1229 2538 1373 2610 circum-

328 2654 455 2723 iturum
469 2653 610 2740 amicos,
625 2663 657 2722 at
673 2653 900 2724 iudicaturum
914 2652 1090 2742 quisesset
1099 2653 1291 2728 animarum
1304 2663 1374 2724 sta·

331 2779 430 2840 tus.»
450 2807 496 2821 -
508 2768 593 2838 Ecce
615 2768 650 2838 in
670 2767 781 2838 media
801 2775 1001 2860 tempestate
1018 2769 1267 2861 tranquillitas·;
1296 2791 1375 2841 ecoe

332 2886 467 2956 animus
493 2884 681 2955 aeternitate
709 2882 844 2974 dignun,
866 2883 925 2974 qui
944 2883 1050 2952 satum
1080 2907 1180 2960 suum
1210 2886 1252 2954 in·
1273 2907 1375 2977 argu·

332 3011 485 3072 mentum
505 3000 577 3071 veri
597 3008 719 3090 rocat3
744 2998 803 3090 qui
822 2999 857 3068 in
876 2999 993 3069 uitimo
1021 2997 1078 3070 iiio
1101 3001 1210 3089 gradu
1230 3000 1373 3094 positus,

333 3125 511 3187 exeuntem
531 3115 680 3186 animam
697 3123 915 3209 percontatur
932 3140 939 3182 :
961 3135 1025 3184 nec
1041 3135 1151 3206 usquc
1172 3114 1216 3186 ad
1233 3125 1376 3186 martem

333 3241 479 3318 tantum,
499 3231 559 3300 sed
576 3225 704 3321 aliquid
725 3230 828 3300 etiam
851 3250 896 3299 ex
917 3229 989 3322 ipsa
1008 3245 1115 3304 morte
1140 3229 1248 3302 discit.
1271 3229 1378 3300 Nemo

334 3346 460 3419 diutius
475 3345 732 3440 philosophatus
751 3345 776 3412 ¹.
796 3373 814 3410 p

181 3501 298 3546 parrana.
385 3463 513 3533 Seneca
526 3463 643 3530 narrat
661 3461 695 3530 in
717 3460 876 3553 Epistolis
891 3483 928 3532 se
944 3462 1085 3554 Neapoli
1099 3462 1135 3530 in
1157 3460 1273 3532 schola
1295 3459 1379 3532 Me-

337 3579 511 3647 tronactis
533 3575 726 3670 philosophi
749 3575 891 3664 sedisse,
919 3587 952 3646 et
978 3577 1019 3648 de
1042 3578 1116 3667 ejus
1141 3586 1250 3647 morte
1277 3577 1380 3669 paulo

337 3701 413 3786 post
428 3691 592 3784 queritur.
618 3693 688 3763 Hoc
708 3701 851 3779 tantum,
875 3693 1143 3786 necquidquam
1166 3691 1291 3764 addere
1313 3713 1379 3786 po-

339 3807 465 3878 tuimus
479 3809 505 3876 2.
936 3877 937 3881 ,

177 3959 307 4006 uaesana.
387 3921 514 3992 Eodem
547 3933 710 4014 tempora,
740 3919 959 3992 Moderatus
993 3923 1147 4016 quidam,
1177 3923 1377 4007 Gaditanum

340 4037 520 4130 scripserat
540 4037 694 4108 undecim
717 4007 820 4108 lihfos
835 4039 877 4112 de
892 4039 1119 4133 pythagoricis
1134 4039 1276 4132 placitis.
1296 4040 1381 4110 Lau·

376 4297 381 4323 ¹
401 4295 440 4348 Dc
456 4300 549 4363 tranq.
564 4292 663 4352 animi,
679 4309 701 4345 c.
713 4313 766 4346 xrv.

375 4402 385 4430 ²
404 4404 451 4465 Ep.
465 4421 540 4454 uxxvr
554 4407 580 4453 et
593 4421 663 4453 xorrr.
