3158 5158
621 410 759 466 ...97-

182 531 322 624 quando
340 531 467 602 vietum
480 539 630 620 tenuem,
643 545 775 606 castum
785 555 922 628 corpus,
939 555 1060 627 puram
1073 527 1222 607 mentem

181 647 309 734 laudat,
326 647 471 718 Sotionis
495 658 666 741 praecepta
687 669 855 741 agnoscas
877 652 911 737 1;
937 649 1074 741 quando
1099 671 1136 721 se
1153 650 1221 722 ad-

180 786 300 834 versus
313 762 471 833 Fortunae
484 763 595 834 minas
620 765 766 838 ferocem
784 767 927 858 praebet,
944 764 1107 836 invictum
1121 766 1221 836 laho-

181 880 287 967 ribus,
297 879 434 971 Diisque
444 891 785 973 parem,suceurrunt
803 881 851 951 illi
866 882 972 952 verba
985 879 1177 951 Sextiorum
1192 883 1218 950 2.

179 1031 228 1048 -ι-
248 995 336 1086 Age,
363 1017 442 1090 qnae
465 995 622 1067 tractavit
643 996 678 1065 in
704 997 799 1066 libris
831 991 1053 1088 argumenta!
1085 993 1142 1066 De
1166 1000 1224 1066 ira

182 1110 338 1204 scripsit,
359 1111 493 1182 dixerat
513 1109 668 1202 Sextius,
689 1111 821 1182 dixerat·
847 1121 880 1182 et
905 1112 1020 1182 Sotion
1037 1138 1047 1200 ;
1078 1107 1124 1182 de
1142 1113 1224 1180 nita

182 1221 305 1316 beata,
324 1248 462 1316 omnes,
480 1227 521 1298 de
534 1230 603 1297 otio
625 1229 811 1324 sapientis,
827 1226 1078 1298 Athenodorus.
1100 1225 1226 1324 Quaes-

183 1338 337 1413 tionibus
355 1339 592 1414 naturalibus
607 1364 743 1437 operam
769 1342 934 1415 dederant
952 1342 1102 1430 Sextius,
1123 1344 1226 1414 Atta-

183 1459 248 1547 lns,
265 1458 454 1549 Fabianus,
477 1455 662 1555 Epistolas
680 1458 949 1551 conscripserant
970 1459 1079 1546 multi,
1097 1455 1225 1532 Dialo-

184 1597 250 1669 gos
268 1574 306 1644 T.
334 1574 464 1661 Livius,
492 1570 776 1663 Consolationes,
803 1574 955 1666 quilibet.
979 1574 1082 1666 Ergo,
1108 1596 1152 1646 ne
1172 1595 1228 1646 res

185 1690 285 1760 altius
307 1701 459 1782 repetam
481 1697 515 1759 et
545 1689 590 1760 ad
614 1687 803 1782 priscorum
826 1697 1045 1762 monumenta
1067 1689 1225 1778 revehar,

185 1803 348 1876 Senecam
360 1827 406 1876 ex
414 1806 639 1878 recentiorum
655 1806 956 1899 librispraesertim
970 1805 1224 1898 magistrorum,

185 1943 270 2012 quos
297 1921 416 2010 audiit,
442 1921 601 2016 operibus
627 1943 789 2012 magnam
828 1920 1006 1994 utilitatem
1039 1921 1229 2016 percepisse

185 2046 329 2109 constat.

235 2153 416 2240 Praeterea,
441 2151 506 2221 hoc
529 2173 608 2222 cum
626 2150 667 2220 iis
687 2150 791 2221 habet
812 2171 1004 2239 commune,
1031 2150 1138 2243 quod,
1169 2170 1229 2220 ro·

186 2290 289 2341 mano
307 2290 414 2359 more,
439 2290 507 2339 non
532 2275 666 2338 tantum
688 2267 825 2336 inventa
847 2265 1106 2358 doctrinamque
1129 2265 1229 2348 Grae-

187 2407 304 2457 corum
329 2386 582 2478 interpretatur,
611 2382 671 2455 sed
692 2381 785 2474 eligit
805 2403 884 2475 quae
899 2382 1027 2476 optima
1049 2381 1226 2472 videntur,

188 2501 311 2594 iisque,
339 2501 489 2588 utlibet,
515 2499 639 2578 utitur„
653 2499 797 2593 Nempe,
824 2498 981 2593 quamvis
1002 2520 1022 2568 e
1043 2497 1230 2568 Stoicorum

188 2616 365 2710 disciplina
383 2617 438 2706 sit,
454 2637 564 2709 neque
582 2635 735 2706 unquam
751 2635 869 2686 eorum
881 2625 996 2707 partes
1012 2614 1156 2701 deserat,
1175 2623 1231 2685 ta-

188 2753 268 2802 men
285 2754 329 2804 ex
344 2733 518 2825 Epicureis
532 2731 638 2801 multa
653 2730 816 2825 decerpit,
839 2730 980 2823 pulchra
998 2729 1148 2822 quidem,
1170 2749 1232 2800 nec

190 2847 310 2918 Stoicis
341 2847 493 2937 indigna.
530 2886 576 2898 -
603 2845 795 2916 Romanum
830 2845 934 2915 etiam
971 2842 1233 2938 philosophandi

190 2983 320 3034 morem
345 2963 508 3056 praeclare
529 2969 664 3032 secutus
689 2970 740 3030 est
765 2961 913 3046 Seneca,
934 2958 1026 3050 quod
1044 2959 1233 3030 doctrinam

191 3079 340 3170 ingenio,
355 3077 527 3164 institutis,
545 3075 665 3146 studiis
674 3075 792 3169 populi
803 3074 936 3145 romani
948 3074 1230 3153 accommodavit,

192 3192 461 3265 et-vernaoulam
479 3191 708 3284 eloquentiam
730 3192 766 3259 in
786 3189 891 3262 libros
915 3190 959 3262 ad
984 3189 1233 3284 philosophiam

193 3311 398 3402 pertinentes
422 3307 604 3378 transtulit.
628 3307 749 3378 Orator
773 3314 836 3394 est,
862 3329 940 3377 cum
962 3305 1230 3400 philosophatur,

193 3434 227 3494 et
239 3425 454 3495 concionatur
467 3423 502 3493 in
510 3422 729 3515 disputando.
744 3421 923 3506 Quodnam
935 3443 1018 3493 vero
1031 3421 1234 3514 eloquentiae

193 3560 301 3629 genus
332 3547 477 3610 sectatus
511 3535 580 3607 est?
614 3535 908 3608 Declamatorium.
942 3537 986 3608 Ut
1014 3535 1128 3608 Cicero
1160 3536 1235 3630 pul-

196 3655 328 3743 chram,
348 3666 381 3726 et
399 3676 530 3742 sanam,
557 3663 590 3726 et
613 3655 802 3746 elegantem
820 3653 954 3725 dicendi
978 3654 1155 3743 rationem,
1181 3675 1236 3724 or·

195 3787 423 3862 namentaque
442 3768 646 3860 gravissima
659 3777 692 3838 et
702 3768 941 3839 honestissima
957 3769 1174 3859 adhibuerat3
1191 3769 1237 3839 ita

197 3886 382 3976 Senecam,
410 3885 469 3978 qui
497 3885 533 3954 in
569 3884 743 3955 rhetorum
772 3883 967 3955 adoleverat
997 3885 1234 3970 contubernio,

198 4001 324 4093 quique
342 4021 468 4073 novam
491 4009 525 4070 et
546 4008 616 4070 tum
641 3999 793 4070 maxime
816 3995 1007 4093 placentem
1037 3998 1238 4093 eloquentiae
