3168 5150
637 477 778 531 ..17-

193 600 284 674 dum
296 623 373 672 esse
390 601 499 700 quasi
510 612 709 697 patronum
726 599 884 699 aliquem
896 603 960 699 qui
973 625 1039 674 nos
1052 603 1231 678 aduersus

189 722 364 789 uitiorum
377 721 528 814 impetus
542 711 733 810 deffendat,
753 713 939 787 custodem
957 722 1020 814 qui
1029 717 1128 791 nobis
1138 726 1231 793 ussi·

186 830 289 922 deut,
309 827 518 903 dubitantes
543 828 719 927 impellat,
738 845 922 902 cessantes
940 837 1088 922 excitet,
1108 861 1230 938 perpe·

188 961 295 1019 tuum
312 945 464 1043 denique
481 948 631 1015 virtutis
644 948 878 1042 magistrum,
901 949 1010 1046 cujus
1029 946 1099 1019 sub
1117 950 1230 1024 disci-

184 1063 290 1162 pls'na
306 1083 541 1134 senescamus
558 1059 583 1130 ¹.

239 1180 325 1265 Quae
353 1178 470 1249 ceteris
503 1178 662 1249 Horatius
687 1179 888 1270 praescrihit,
910 1201 950 1252 ea
977 1181 1129 1254 instituta
1153 1183 1233 1255 vitoe

189 1295 263 1389 ipse
282 1293 443 1387 sequitur.
466 1294 592 1364 Narrat
605 1294 695 1365 enim
711 1317 748 1365 se
767 1317 999 1388 saepenumero
1013 1299 1165 1369 animum
1178 1300 1235 1370 in-

190 1417 375 1500 terrogare,
397 1408 550 1496 consilia,
578 1419 665 1498 acta,
694 1431 805 1480 mores
819 1433 1006 1499 recensere,
1032 1424 1071 1484 nt
1089 1416 1166 1488 inde
1180 1436 1235 1487 se·

191 1525 302 1620 ipsum
323 1525 517 1613 admoneat,
530 1534 563 1596 et
581 1536 700 1596 caveat
714 1527 749 1595 in
763 1536 934 1624 posterum
945 1529 971 1597 ².
989 1529 1107 1602 Nonne
1132 1531 1234 1602 etiam

195 1640 308 1712 multis
317 1641 520 1733 magistrum
533 1640 627 1729 ritae,
644 1649 878 1735 rectoremque
887 1644 993 1714 animi
1006 1626 1101 1716 dubii
1112 1645 1236 1718 etssuc·

579 1821 653 1870 Nunc
665 1820 758 1871 adhibe
773 1834 835 1884 puro

259 1910 365 1962 Pectore
374 1910 462 1974 rerba,
473 1921 544 1971 puer,
558 1921 626 1960 nuno
637 1914 662 1960 te
673 1909 821 1960 melioribus
834 1907 922 1964 otter.'
970 1907 1029 1980 (Ep.
1040 1933 1068 1978 ιι,
1084 1914 1109 1974 1,
1122 1926 1147 1965 r.
1159 1907 1217 1983 68.)

259 2047 332 2094 Inter
344 2049 434 2096 cuncta
447 2046 524 2109 teges,
541 2051 567 2095 et
579 2045 760 2107 percontabere
773 2044 870 2109 doctos,

262 2133 317 2192 Qua
333 2133 430 2182 ratione
440 2145 517 2195 queas
531 2133 662 2182 traducere
673 2132 871 2191 lecturorum

261 2221 302 2269 Ne
318 2223 342 2269 te
356 2231 457 2282 semper
469 2221 542 2282 Inops
555 2220 632 2282 agitet
645 2224 767 2281 vexetque
782 2219 884 2284 cupido,

148 2306 150 2311 '
259 2309 299 2358 Ne
311 2321 397 2371 pavor,
414 2312 440 2359 et
453 2320 537 2358 rerum
549 2308 710 2358 mediocriter
719 2308 821 2358 utilium
834 2320 905 2371 spes:

261 2397 388 2448 Vtrtutem
400 2397 513 2448 doctrina
525 2401 605 2460 paret,
618 2401 707 2448 natura
721 2409 754 2448 ne
767 2397 859 2457 dunen

263 2486 328 2545 Quid
342 2487 441 2537 minuat
454 2499 535 2548 curris,
547 2486 607 2550 quid
619 2491 645 2536 te
658 2487 703 2536 tibi
718 2486 807 2536 reddat
820 2486 946 2545 amicum:

263 2574 330 2634 Quid
345 2588 407 2637 pure
422 2575 577 2639 tranquillet,
592 2576 684 2635 honos,
699 2587 731 2624 sn
746 2574 819 2625 dulce
834 2575 963 2635 inscitum,

261 2663 303 2713 An
314 2667 438 2715 secretum
448 2664 507 2729 iter,
517 2669 543 2716 et
554 2663 663 2715 Icitentis
673 2663 762 2714 semim
772 2663 839 2715 vita.
939 2663 1011 2728 (Ep,
1024 2661 1042 2713 1.
1054 2663 1148 2723 xviri,
1161 2661 1219 2726 91.)

262 2795 315 2846 Nec
328 2797 420 2846 medici
434 2797 525 2858 credIs,
541 2809 590 2849 nec
603 2796 723 2848 curatoris
735 2810 809 2859 egere

262 2883 285 2934 A
299 2888 404 2946 pretore
418 2884 487 2936 dati?
891 2881 950 2949 (Ep.
963 2886 986 2949 I,
999 2884 1024 2945 1,
1036 2897 1062 2936 v.
1074 2881 1148 2948 101.)

264 3015 303 3064 Ne
317 3028 388 3066 cures
401 3028 430 3066 ea
444 3027 500 3078 qua
512 3015 588 3066 stulta
601 3015 700 3064 miraris
715 3018 741 3064 et
753 3018 834 3076 optas,

263 3103 365 3154 Discere
376 3107 402 3154 et
412 3103 499 3154 audire
509 3105 535 3153 et
545 3102 644 3152 meliori
655 3101 758 3153 credere
768 3113 821 3150 non
831 3099 885 3153 rIst
981 3095 1077 3166 (itta,
1087 3113 1112 3152 v.
1126 3097 1184 3165 17.)

781 3239 813 3287 nt
827 3237 854 3286 ni

263 3329 354 3378 Posses
368 3332 427 3378 ante
442 3327 510 3378 diem
524 3327 617 3378 tibrum
629 3339 686 3378 cum
701 3325 809 3389 iumine,
823 3325 908 3374 sinon

264 3417 386 3468 intendes
399 3417 513 3467 animum
527 3416 617 3466 studiis
629 3421 654 3466 et
666 3415 741 3465 rebus
755 3413 883 3474 honestis3

265 3504 364 3555 Invidia
375 3506 415 3556 vet
431 3518 516 3556 amore
532 3506 590 3568 vigit
605 3505 764 3567 torquebere.
780 3505 912 3562 Nemees,

266 3592 327 3651 Qun
342 3594 437 3644 indunt
450 3595 550 3644 oculum
563 3593 666 3644 testium
678 3592 795 3652 demere3
808 3592 901 3655 siquid

265 3683 310 3732 Est
321 3683 445 3743 animum,
461 3683 547 3734 differs
559 3682 664 3733 curandi
676 3686 776 3745 tempus
789 3682 816 3730 in
832 3685 946 3732 annum?

266 3770 405 3820 Dimidium
418 3772 487 3834 tacti,
500 3773 543 3834 qui
554 3771 639 3834 coeptt,
650 3771 740 3830 habet3
758 3783 845 3831 sapere
859 3771 935 3834 aude,

264 3860 366 3922 incipet
382 3861 425 3923 qui
443 3865 509 3910 recte
525 3861 628 3912 vivendi
641 3863 757 3921 prorogat
770 3859 868 3923 horum,

265 3949 380 4000 Rusticus
394 3953 519 4012 exspectat
529 3949 589 3998 dum
602 3949 695 4000 defluat
704 3947 796 4008 amnis,
809 3951 856 3997 etc.
925 3944 984 4011 (Ep.
998 3963 1027 4011 ιι,
1041 3945 1059 3994 Ι.
1074 3947 1097 4006 I,
1110 3957 1134 3996 r.
1146 3941 1202 4012 tt.)

343 4082 430 4143 Neque
446 4082 525 4140 enim,
537 4094 615 4144 quum
629 4080 744 4142 lectulus,
760 4084 803 4130 aut
816 4091 858 4130 me

267 4170 380 4219 Porticus
392 4171 497 4232 excepit,
510 4171 598 4221 desum
612 4171 673 4220 mitri
687 4169 805 4220 :Rectius
820 4169 868 4219 hoc
880 4171 931 4218 est:

267 4259 321 4308 Hoc
335 4259 438 4320 tocIens,
451 4261 533 4310 viram
546 4261 650 4320 meiius;
665 4261 701 4309 sir.
715 4258 795 4310 dulcis
809 4257 895 4309 aminis

269 4347 403 4397 occurram
419 4383 471 4398 .....
487 4348 540 4397 Iraec
555 4361 600 4410 ego
615 4361 713 4399 mecum

269 4436 425 4498 conpressis
437 4436 503 4498 cgito
517 4435 603 4489 labris.
890 4434 953 4502 (Sat.
968 4453 987 4500 r,
999 4436 1025 4496 t,
1040 4446 1064 4485 r.
1080 4426 1151 4500 150.)
