3158 5158
615 466 773 523 -109—

178 611 266 661 mus.
289 591 375 662 Nam
389 591 545 664 Stohaeus
562 613 607 664 ex
633 594 779 665 Musunii
798 592 893 668 libris
910 595 1055 687 piurima
1074 605 1108 670 et
1123 599 1216 692 longi

178 707 302 776 tenoris
317 709 481 801 excerpit,
502 708 616 800 qualia
638 709 721 781 solet
745 731 766 780 a
794 708 988 782 clarissimis
1008 710 1217 808 philosophis

176 819 387 914 depromere.
402 824 479 894 Non
494 825 556 895 abs
570 846 608 896 re
626 824 755 896 videtur
775 825 932 918 quaedam
950 826 1050 898 exiis
1069 828 1136 899 huc
1161 832 1217 901 af-

175 936 274 1009 ferre.
691 1033 693 1037 y

221 1050 376 1124 Divitias
402 1066 436 1126 et
463 1053 706 1150 supeltectilem
731 1079 815 1128 auro
842 1067 875 1129 et
900 1067 1040 1151 argento
1061 1082 1214 1152 gravem,

174 1166 385 1260 nimiumque
407 1171 514 1242 vestis
531 1171 659 1242 cultum
680 1171 842 1266 carpebat
859 1172 1048 1263 Musonius,
1069 1183 1103 1245 et
1119 1184 1217 1268 post-

173 1303 279 1376 quam
304 1287 566 1359 confirmaverat
592 1290 799 1382 argumentis
828 1312 900 1360 rem
924 1313 1000 1362 esse
1019 1313 1088 1362 uon
1114 1293 1217 1364 modo

173 1421 434 1494 supervacuam,
461 1405 520 1474 sed
541 1405 681 1476 noxiam
704 1406 848 1498 corpori,
879 1408 972 1499 quod
997 1409 1102 1480 satius
1130 1419 1217 1480 esset

172 1518 280 1607 algori
290 1530 323 1589 et
333 1519 437 1591 calori
447 1522 656 1592 assuefacere
663 1543 766 1614 quam
781 1521 919 1593 mollitia
931 1523 1138 1615 effeminare,
1151 1525 1216 1595 hoc

172 1632 318 1705 addebat
338 1661 345 1704 :
371 1638 538 1721 «Quanto
557 1637 754 1731 praeclarius
772 1646 822 1708 est
838 1637 963 1710 multos
976 1639 1148 1712 beneficiis
1165 1643 1215 1712 ai·

175 1775 191 1815 »
209 1749 310 1821 ficere
329 1772 433 1843 quam
459 1754 634 1848 splendide
650 1753 829 1824 habitare?
847 1754 982 1838 Quanto
1003 1757 1105 1827 etiam
1128 1779 1217 1828 con-

176 1894 192 1928 »
212 1871 408 1939 venientius
426 1873 507 1940 ciro
519 1873 658 1966 integro
679 1883 847 1968 sumptus
847 1865 984 1966 facere
1005 1876 1042 1942 in
1058 1864 1217 1944 homines

175 2007 191 2046 r
214 2005 326 2078 quam
343 1984 379 2051 in
398 1981 502 2080 ligna
519 1998 553 2054 ct
567 1979 797 2084 lapidem..
824 1983 944 2082 Quem
959 2011 1047 2058 vcro
1072 2001 1218 2058 tantum

175 2121 191 2162 r)
206 2092 378 2191 fructum
394 2101 524 2195 ceperit
537 2101 730 2195 quisquam
746 2121 799 2169 ex
818 2098 1058 2198 amplitudine
1075 2115 1111 2172 ct
1131 2101 1217 2200 pul·

175 2241 191 2272 r
211 2207 415 2283 claritudine
429 2210 560 2284 domur
571 2226 753 2311 quantum
756 2217 951 2312 perciperet
963 2213 1157 2288 liberaliter
1168 2221 1218 2289 ci-

175 2355 191 2390 »
209 2329 312 2397 vitati
320 2323 496 2400 etciribzrs
507 2351 527 2398 e
540 2323 639 2398 bonis
651 2332 729 2399 suis
743 2332 940 2426 impertitus
950 2327 988 2401 ¹?
1000 2357 1017 2401 >r

220 2443 415 2514 Vetabatne
427 2444 504 2536 quis
514 2467 590 2515 rem
597 2467 881 2517 venereamcum
893 2447 1047 2520 maribus
1059 2449 1213 2537 haberet,

170 2579 214 2626 ne
234 2558 438 2630 adulterium
455 2582 533 2631 cum
558 2559 680 2630 anciila
705 2570 763 2631 aut
788 2561 936 2652 ingenua
963 2564 1101 2653 iaceret,
1130 2585 1216 2636 neve

170 2697 246 2744 cum
280 2675 321 2746 iis
351 2697 430 2768 quae
460 2685 651 2770 prostarent
674 2676 873 2748 misceretur
903 2679 1084 2751 :libidinis
1115 2703 1214 2752 usum

170 2813 346 2884 nunquam
372 2792 437 2862 nisi
466 2793 501 2862 iu
529 2793 710 2883 conjugio,
740 2793 784 2864 ob
816 2791 940 2864 liberos
969 2796 1213 2887 procreandos,

170 2907 296 2978 licitum
320 2931 408 2980 esse.
435 2910 485 2980 De
507 2909 702 2980 hominibus
734 2911 793 3001 qui
818 2909 901 2978 nihil
927 2913 1007 2981 mali
1037 2912 1215 2984 admisisse

170 3023 378 3111 existimant,
395 3024 488 3117 quod
506 3025 593 3095 clam
619 3033 651 3093 et
672 3024 811 3117 impune
830 3026 1057 3117 peccaverint,
1079 3025 1143 3096 hoc
1158 3027 1215 3098 di-

170 3139 267 3209 cebat
285 3165 292 3208 :
313 3165 330 3208 <r
352 3137 430 3235 Qui
440 3153 572 3238 peccat
588 3163 627 3209 se
650 3142 858 3236 corrumpit,
885 3153 974 3209 etse
998 3141 1136 3238 injuria
1152 3139 1216 3237 af-

174 3283 191 3316 r
201 3253 299 3346 ficit,
322 3277 411 3326 nam
411 3254 466 3347 fit
477 3251 630 3326 deterior
648 3268 683 3324 et
705 3257 825 3350 magis
843 3254 1024 3352 infamis&
1047 3285 1064 3320 »
1089 3299 1138 3308 -
1151 3256 1214 3328 Ju-

173 3397 190 3432 r
210 3369 311 3441 bebat
322 3365 582 3468 Philosophum
593 3373 819 3441 matrimonio
829 3368 1022 3468 indulgere
1035 3384 1070 3442 et
1079 3369 1215 3444 ducere

174 3513 192 3551 n
212 3487 476 3557 uxoremNam
490 3485 744 3580 philosophum,
758 3487 869 3579 magis
878 3509 983 3581 quam
991 3509 1211 3582 quemquam,

174 3628 191 3662 r
209 3600 304 3671 decet
323 3611 455 3674 naturae
478 3601 717 3674 convenienter
735 3603 851 3674 vivere
874 3631 881 3673 :
910 3603 993 3696 quid
1014 3612 1128 3676 autem
1151 3627 1214 3676 na-

172 3739 190 3783 >r
210 3725 297 3787 turae
315 3718 572 3788 convenientius
594 3737 699 3809 quam
721 3717 843 3788 ducere
862 3739 1006 3789 uxorem
1036 3729 1071 3790 et
1089 3720 1213 3791 liberos

174 3858 192 3892 r
209 3831 364 3920 educere,
378 3832 539 3924 quoniam
550 3833 599 3903 sio
613 3855 720 3923 genus
730 3832 921 3903 humanum
932 3834 976 3904 ab
990 3834 1125 3905 interitu
1139 3857 1213 3929 per·

172 3973 191 4012 »
212 3955 312 4037 petuo
322 3947 532 4022 vindicatur?
545 3947 713 4030 Quaenam
723 3966 806 4019 vero
820 3948 981 4019 arctioret
988 3949 1211 4020 dulciorami-

172 4085 191 4126 »
208 4060 286 4130 citia
298 4083 401 4154 quam
412 4063 519 4133 viriet
533 4063 711 4154 conjugis?
735 4062 837 4152 Cujus
850 4063 940 4133 enim
954 4064 1107 4135 absentia
1126 4065 1212 4136 adeo

172 4199 190 4242 r>
208 4173 440 4247 desiderabitis
456 4186 508 4247 est
523 4198 627 4274 quam
642 4177 707 4249 viri
725 4177 839 4264 oxori,
855 4187 889 4248 et
904 4177 1022 4250 uxoris
1034 4177 1131 4252 viro?
1142 4179 1213 4250 Aut

207 4350 306 4402 'serm
320 4371 338 4402 1.
348 4380 381 4388 -
396 4353 417 4404 E
430 4365 508 4414 greco
524 4356 597 4404 vertit
609 4356 750 4406 Gcsucrus.

205 4432 214 4460 ²
230 4435 311 4484 Scrm.
324 4452 358 4484 vr.
