3158 5158
818 487 959 542 -to'-

365 633 440 684 csse
452 597 620 698 versatos,
641 631 704 681 nec
716 632 838 706 parum
852 613 1044 705 prudentiae
1060 613 1094 682 in
1114 613 1179 685 hoo
1194 635 1282 708 opus
1296 624 1411 687 contu·

367 728 459 799 lisse.
484 725 583 809 Quod
605 748 650 796 ex
670 747 789 796 eorum
810 728 1023 818 fragmentis,
1054 751 1133 822 quae
1160 741 1355 822 supersunt,
1379 741 1412 802 ct

366 842 472 937 ipsius
491 843 628 914 Senecae
655 842 749 912 libris
776 843 854 913 licet
882 845 1060 938 suspicari.
1093 846 1190 916 Hunc
1218 846 1281 916 sibi
1307 845 1410 918 finem

366 957 584 1052 proposuisse
592 956 676 1027 mihi
685 956 859 1045 videntur,
869 970 905 1028 ut
914 958 962 1029 ait
970 960 1111 1046 Seneca,
1124 958 1408 1047 debibenodoro,

365 1071 464 1144 utiles
495 1093 532 1144 so
559 1073 689 1143 cunctis
717 1074 892 1167 praebere,
917 1074 1072 1146 homines
1089 1075 1285 1172 praeceptis,
1315 1075 1412 1170 inge·-

292 1252 296 1258 .
364 1210 441 1276 nto,
472 1209 555 1260 voce
579 1189 741 1279 juvare¹,
762 1179 851 1260 etin
876 1190 996 1284 primis
1018 1191 1252 1282 juventutem,
1281 1192 1316 1261 in
1341 1215 1411 1286 qua

367 1305 477 1399 sopita
502 1306 617 1395 jacent
645 1304 810 1376 virtutum
829 1307 970 1391 semina,
1002 1307 1045 1377 ab
1064 1306 1232 1377 illecebris
1252 1307 1412 1378 vitiorum

367 1420 557 1506 abducere,
592 1429 626 1490 et
657 1442 778 1515 rapere
805 1422 851 1493 ad
886 1421 1124 1492 honestissima
1158 1422 1282 1493 studia.
1321 1423 1411 1494 idem

362 1536 435 1628 jam
454 1535 565 1605 luerat
583 1534 629 1604 Μ.
650 1535 759 1605 Tullio
775 1535 967 1622 consilium,
988 1537 1062 1628 qui,
1090 1559 1168 1606 oum
1196 1536 1412 1608 scribendum

367 1649 495 1744 aliquid
527 1651 730 1744 susciperet,
762 1650 805 1721 de
842 1652 998 1743 regendis
1034 1651 1298 1723 adolescentium
1329 1651 1411 1721 ani-

366 1767 430 1836 mis
448 1775 482 1836 et
494 1765 539 1836 ad
558 1765 701 1836 salutern
717 1765 941 1860 perducendis
953 1765 1158 1858 cogitatae.
1175 1766 1232 1855 At,
1247 1775 1411 1860 quantum

368 1903 409 1952 ea
422 1881 467 1950 illi
483 1881 629 1972 egebant
645 1880 827 1967 medicina,
837 1881 872 1950 in
885 1881 951 1952 hoc
969 1882 1192 1954 contubernio
1207 1881 1412 1973 flagitiorum

366 2000 539 2092 degentes,
553 2007 587 2068 et
599 1998 779 2069 libidinum
793 1999 945 2069 omnium
957 1999 1002 2069 ad
1016 2000 1172 2094 scopulos
1184 1997 1407 2072 offendentes!

365 2117 473 2188 Testis
490 2126 541 2188 cst
558 2117 686 2187 Seneca
708 2125 804 2210 pater
820 2115 878 2207 qui
897 2116 940 2187 de
963 2115 1117 2186 moribus
1141 2115 1411 2188 adolescentium

367 2232 420 2302 his
450 2233 565 2304 verbis
587 2232 821 2325 querebatur:
853 2260 870 2295 t<
894 2233 1043 2325 Torpent
1060 2253 1138 2302 ecce
1161 2231 1296 2323 ingenia
1320 2232 1411 2302 desi·

370 2348 507 2419 odiosae
520 2349 722 2440 juventutis,
739 2349 850 2420 necin
868 2348 970 2418 ullius
987 2348 1142 2420 honestae
1159 2349 1207 2418 rei
1226 2349 1343 2420 labore
1356 2349 1409 2420 vi·

368 2491 388 2532 »
402 2464 540 2555 giletur.
570 2466 716 2535 Somnus
743 2464 969 2559 languorque,
994 2486 1035 2534 ac
1057 2485 1175 2535 somno
1194 2471 1227 2533 et
1249 2465 1411 2557 languore

369 2608 386 2643 »
405 2581 549 2674 turpior,
571 2580 742 2651 malarum
766 2603 882 2651 rerum
901 2579 1085 2666 industria,
1117 2579 1243 2652 invasit
1262 2579 1406 2652 animos.

369 2694 579 2783 »Cantandi
604 2696 820 2789 saltandique
841 2718 933 2765 nunc
948 2695 1114 2766 obscoena
1141 2695 1252 2767 studia
1278 2696 1409 2766 effemi-

369 2835 386 2878 o
402 2819 501 2880 natos
526 2819 661 2900 tenent;
682 2821 715 2882 et
734 2807 893 2904 capillum
918 2812 1089 2902 frangere,
1113 2820 1146 2881 et
1166 2809 1210 2880 ad
1229 2810 1411 2882 muliebres

367 2925 587 2997 »blanditias
607 2948 728 2998 vocem
740 2937 940 3014 extenuare,
960 2926 1101 2997 mollitie
1114 2925 1265 3019 corporis
1281 2935 1411 2997 certare

367 3068 384 3114 i)
401 3064 479 3115 cum
502 3043 648 3133 faminis,
678 3043 959 3115 immundissimis
978 3067 1015 3115 se
1038 3044 1194 3114 excolere
1220 3042 1406 3131 munditia,

367 3189 384 3222 »
400 3167 592 3230 nostrorum
610 3159 874 3230 adolescentium
895 3158 1066 3252 specimen
1088 3166 1185 3230 est...
1207 3157 1246 3227 ln
1268 3156 1408 3228 bosnec

299 3315 305 3324 ·
366 3302 385 3341 u
404 3275 454 3344 [iii
468 3285 600 3346 tautum
614 3275 694 3347 mali
720 3276 916 3368 permittant
941 3285 979 3345 ut
1000 3275 1099 3346 cadat
1123 3274 1315 3366 eloquentia
1335 3272 1368 3344 ⁸!
1389 3305 1405 3338 »

363 3431 412 3440 -
442 3391 519 3462 Non
549 3391 630 3461 istos
662 3390 800 3484 quidem
825 3411 944 3462 omues
967 3390 1012 3462 ed
1034 3392 1162 3462 bonam
1195 3390 1327 3482 frugem
1354 3412 1407 3462 re·

363 3508 500 3579 vocavit
515 3506 749 3601 philosophia,
771 3518 862 3579 certe
885 3508 1085 3601 quosdame
1102 3507 1242 3578 libidine
1256 3507 1408 3578 traduxit

363 3625 409 3696 ad
431 3625 605 3696 virtutem.
631 3624 691 3694 His
717 3647 840 3719 nempe
863 3625 1099 3714 audientibus,
1125 3623 1258 3695 Attalus
1290 3633 1407 3697 contra

401 3837 406 3864 ¹
422 3833 460 3889 De
471 3840 562 3906 tranq.
577 3850 626 3890 att.
638 3842 664 3888 5.
678 3841 806 3890 -Verba
820 3838 986 3891 Athenodori.

398 3916 438 3966 ²«
454 3919 526 3979 Quod
546 3919 615 3969 enim
631 3933 723 3970 munus
738 3920 884 3982 reipublice
905 3921 995 3970 afferre
1014 3921 1094 3981 majus
1113 3918 1234 3968 meliusve
1253 3929 1402 3979 possumus,

363 4012 440 4061 quam
459 3999 480 4048 si
499 3999 618 4050 docemus
634 4006 710 4062 atque
728 4000 857 4050 erudimus
871 4001 1051 4062 iuventutem?
1073 3999 1112 4048 ltis
1134 3999 1272 4062 praesertim
1291 3997 1403 4048 moribus

362 4083 438 4140 atque
464 4079 636 4140 temporibus;
656 4081 748 4142 quibus
772 4080 806 4129 ita
824 4079 939 4141 prolapsa
961 4084 999 4128 est
1021 4082 1048 4127 ut
1073 4079 1188 4128 omnium
1210 4077 1300 4140 opibus
1324 4076 1403 4126 celre-

362 4159 447 4209 nanda
459 4172 487 4209 ac
505 4161 644 4211 coercenda
656 4161 697 4211 sit.
710 4163 762 4211 Nec
776 4173 836 4211 vero
847 4159 873 4209 ld
884 4161 947 4210 effici
967 4172 1038 4222 posse
1052 4160 1170 4219 conlido,
1185 4157 1252 4220 quod
1268 4170 1300 4207 ne
1317 4163 1402 4219 postu·

361 4239 465 4288 landum
476 4238 579 4300 quidem
593 4246 644 4299 esi,
661 4244 689 4290 ut
703 4253 791 4290 omnes
805 4239 978 4290 adolescentes
992 4251 1019 4288 se
1034 4238 1066 4288 ad
1080 4239 1133 4288 hec
1147 4237 1229 4288 studia
1241 4241 1398 4287 convertant.

362 4319 437 4369 Pauci
446 4318 543 4368 utinam
554 4318 561 4367 1
575 4332 683 4381 quorum
698 4323 782 4370 umen
794 4320 821 4369 iu
837 4319 965 4381 republica
977 4318 1026 4369 late
1036 4322 1121 4384 patere
1133 4318 1226 4382 poterit
1237 4315 1369 4366 industria.
1386 4333 1397 4358 ι

335 4393 340 4404 ’
358 4395 413 4468 (Dc
425 4394 515 4450 divin.
532 4399 550 4451 i.
562 4399 595 4456 it,
606 4412 628 4448 c.
644 4401 682 4462 n.)

399 4475 408 4508 ³
424 4481 513 4533 contr.
529 4481 619 4545 rprei.
