3158 5158
829 479 865 490 -
882 451 919 509 32
936 477 971 489 ..

384 574 497 648 auum
513 574 691 667 pristinum
706 573 840 650 dicendi
861 597 971 670 genus
989 574 1088 668 plane
1113 573 1277 646 omissum
1303 574 1421 660 luisse,

386 711 610 784 necunquam
621 713 663 766 eo
680 713 761 766 usos
781 693 885 768 luisse
900 691 1082 786 magistros
1104 700 1138 768 et
1154 691 1338 780 auditores,
1363 690 1424 764 sed

385 807 562 882 affirmabo
579 817 738 904 perpetue
765 809 898 884 dicendi
925 809 1090 882 rationem
1109 808 1218 900 magis
1241 807 1421 902 placuisse,

384 933 418 998 et
429 945 508 996 eum
521 925 646 1018 ipsum,
661 927 721 1020 qui
733 927 925 1018 dissereret,
942 924 1250 1000 contradicentium
1261 945 1424 1018 responsa

383 1039 559 1130 etobjecta
573 1051 651 1113 aute
667 1063 865 1137 occupasse,
881 1052 915 1116 et
936 1043 970 1114 in
985 1041 1147 1116 orationis
1174 1049 1332 1114 contextu
1355 1062 1424 1134 po-

380 1155 492 1228 suisse
509 1177 551 1228 oo
563 1156 702 1230 diluisse
719 1183 727 1227 ε
744 1159 838 1252 quod
855 1160 891 1234 in
909 1161 1050 1232 Senecae
1062 1159 1159 1230 libris
1171 1157 1299 1254 passim
1318 1177 1423 1248 repe-

382 1269 465 1359 rias,
487 1273 675 1364 praesertim
694 1274 729 1345 in
749 1296 791 1346 eo
810 1277 869 1368 qui
895 1271 943 1348 de
959 1275 1029 1348 Ira
1048 1275 1254 1348 inscribitur.
1280 1273 1364 1348 Cum
1385 1272 1423 1344 in

383 1397 540 1480 promptu
560 1390 601 1464 sit
614 1412 820 1484 cognoscere
837 1391 952 1486 qualis
969 1403 1059 1466 esset
1073 1393 1154 1466 olim
1171 1391 1229 1464 illa
1247 1389 1340 1484 prior
1351 1389 1421 1462 die-

381 1505 522 1596 putandi
535 1507 634 1596 ratic,
661 1508 826 1602 Tulliique
839 1510 874 1580 iu
887 1509 1059 1604 operibus,
1081 1531 1144 1581 nee
1165 1530 1233 1580 non
1252 1507 1286 1578 in
1309 1504 1422 1578 satiris

379 1617 509 1692 Horatii
522 1621 531 1660 ¹
546 1622 646 1696 suerit
658 1623 822 1710 adhibita,
836 1626 914 1698 huic
927 1625 1105 1697 recentiori
1116 1623 1279 1696 orationis
1288 1620 1417 1715 generi,

379 1738 472 1828 quod
486 1740 640 1812 torrentis
658 1742 759 1812 modo
776 1742 978 1834 profluebat,
1003 1742 1176 1838 paulisper
1192 1739 1417 1812 attendamus.

239 1885 322 1954 epm,
429 1853 617 1946 Disputatio
625 1860 834 1953 partitiones
849 1859 1041 1951 recipiebat.
1059 1859 1126 1928 Eas
1142 1853 1420 1928 areeeutioribus

208 1947 359 2000 '‘¹⁰¹¹‘'”m‘
379 1966 808 2062 philosophisinventasait
820 1968 1419 2065 Tullius2.Saepissimeoceurruntin

376 2082 472 2156 libris
490 2086 641 2176 Senecae,
657 2097 691 2158 et
707 2087 959 2180 quodammodo
971 2087 1006 2158 in
1016 2088 1128 2158 satiris
1141 2087 1280 2170 Horatii,
1295 2084 1353 2156 ubi
1365 2105 1419 2156 res

373 2221 521 2296 quaeque
532 2202 652 2274 ordine
666 2225 729 2276 suo
736 2203 900 2296 digeritur
912 2205 938 2274 ³.
955 2204 998 2276 lis
1013 2225 1093 2276 usos
1116 2224 1191 2276 esse
1209 2202 1364 2274 doctores
1381 2199 1418 2270 in

372 2318 499 2390 scholis
511 2320 696 2394 certissime
709 2320 866 2393 dixerim.

197 2476 357 2526 „„„„1„,
423 2434 606 2527 Postquam
629 2457 715 2524 rem,
737 2436 778 2510 de
803 2457 874 2530 qua
900 2444 973 2508 erat
988 2436 1236 2530 disputaturus,
1256 2441 1418 2528 posuerat

216 2545 336 2632 ''iiii’‘
373 2551 549 2641 magister,
574 2561 608 2624 et
635 2551 869 2644 partitionibus
889 2551 922 2620 in
948 2553 1102 2624 membra
1130 2559 1223 2624 certa
1241 2549 1414 2637 diviserat,

372 2686 449 2738 eam
461 2666 687 2739 confirmabat
704 2667 914 2758 argumentis
935 2667 1049 2738 stricte
1065 2667 1212 2761 primum
1229 2675 1263 2736 et
1285 2687 1413 2758 presse,

372 2801 466 2854 more
482 2781 688 2872 stoicorum
708 2790 745 2854 ut
767 2783 802 2854 in
820 2781 1071 2866 Quaestionibus
1092 2781 1303 2872 Tusculanis,
1325 2803 1416 2874 pree-

369 2897 486 2972 sertim
499 2898 534 2968 iu
552 2908 699 2992 quatuor
711 2907 746 2970 et
758 2897 877 2970 decem
892 2897 1083 2992 incipientis
1095 2897 1187 2968 Libri
1199 2897 1312 2991 quarti
1325 2897 1415 2991 capi-

367 3014 461 3086 tibus
485 3014 600 3090 videre
623 3015 686 3089 est.
721 3015 849 3088 Tullius
874 3015 966 3086 enirn
998 3035 1035 3086 se
1058 3014 1205 3108 primum
1228 3012 1415 3084 dialectices

368 3130 472 3204 remis
484 3152 735 3225 processurum,
762 3129 882 3203 deiude
903 3129 1105 3223 eloquentiae
1122 3130 1198 3202 vela
1224 3128 1413 3224 explicetu-

369 3267 446 3316 rum
476 3246 689 3342 profitetur&
709 3247 769 3316 Est
795 3246 889 3338 quod
911 3254 1069 3338 putemus
1097 3244 1187 3316 hanc
1212 3243 1413 3337 incipiendae

369 3360 604 3454 disputationis
636 3361 799 3432 rationem
830 3360 865 3430 in
893 3361 1043 3434 romanis
1070 3359 1195 3432 scholis
1224 3368 1409 3449 semeiam,

368 3556 441 3618 plum
509 3556 583 3608 initio
595 3557 755 3610 counrmelis
773 3569 847 3608 cauta
864 3569 880 3608 ι
899 3557 1073 3609 deridentibus
1086 3555 1204 3619 discipuli
1222 3553 1338 3608 utonis
1356 3567 1412 3606 au-

368 3642 463 3694 ditores
481 3646 635 3696 vocsbantur
651 3660 659 3696 τ
677 3645 773 3698 deinde
795 3646 824 3697 in
845 3659 894 3698 usu
910 3647 1019 3700 remum
1039 3659 1094 3698 esse
1114 3645 1206 3709 coepm
1222 3650 1249 3696 et
1269 3644 1411 3708 promiscae

369 3732 430 3794 poni
440 3745 485 3794 pro
495 3732 618 3796 discipulo
627 3734 735 3784 auditor.
746 3735 800 3786 Hoc
809 3739 863 3785 eret
875 3747 926 3784 non
939 3735 1087 3798 patientiam
1094 3747 1176 3800 tunm,
1184 3733 1229 3786 scd
1239 3731 1409 3796 eloquentiam

369 3820 488 3872 vendere.
504 3835 520 3869 n

406 3924 412 3950 ¹
432 3927 484 3979 snt.
498 3944 542 3990 m,
557 3927 575 3978 l.
588 3930 621 3980 ΙΙ,
637 3925 827 3997 (Damasippus
842 3932 868 3980 et
881 3923 1055 3996 Stertinius.)

403 4029 413 4058 ²
433 4045 449 4080 n
467 4033 676 4096 Philosophorum
696 4047 782 4100 more,
799 4049 851 4087 non
869 4039 983 4086 ueterum
1003 4034 1107 4097 quidem
1125 4035 1240 4095 illorum,
1255 4033 1301 4084 sed
1318 4043 1408 4085 corum

369 4122 412 4184 qui
431 4123 501 4184 quusi
522 4123 633 4174 cilicinas
650 4125 822 4174 instruxerunt
839 4125 977 4187 sapientia,
995 4137 1051 4186 qua
1063 4123 1119 4174 iuse
1135 4125 1198 4174 olim
1215 4123 1408 4186 disputabuntur

367 4223 397 4262 ac
408 4211 498 4276 libere,
509 4225 540 4262 ec
555 4225 623 4262 nunc
636 4213 785 4264 articulatim
798 4213 965 4277 distincteque
976 4213 1126 4266 dicuntur.»
1137 4207 1187 4280 (Dc
1198 4208 1264 4278 lep,
1275 4212 1293 4260 l.
1304 4205 1388 4278 xlii.)

358 4353 360 4362 ,
405 4315 413 4344 ³
432 4313 471 4370 llo
482 4315 537 4381 ira,
551 4315 590 4370 De
602 4315 759 4388 stannatio,
769 4336 791 4382 ι;
806 4316 1109 4389 DeProoid.,1.-Snt.
1122 4339 1147 4386 ι,
1161 4323 1185 4381 l;
1195 4344 1232 4358 -
1243 4319 1340 4380 Satn,
1352 4315 1381 4366 5.

406 4423 413 4451 ⁴
434 4421 466 4486 Q·
483 4422 571 4492 iuro„
583 4445 619 4492 tu,
629 4428 656 4487 4,
669 4428 696 4478 5.
