3158 5158
795 419 955 474 —l18-

404 541 536 613 Laudat
553 541 655 613 etiam
674 551 788 614 noster
813 543 1003 641 Pomponii
1023 544 1199 636 cujusdam
1224 519 1348 636 scripta
1363 553 1396 614 et

354 679 400 728 ex
425 657 466 727 iis
487 657 563 729 haec
583 657 690 728 verba
714 658 887 752 excerpit:
921 683 938 726 u
960 659 1079 753 ltaque
1099 659 1163 731 hnc
1180 659 1276 752 quod·
1303 657 1396 750 apud

355 772 576 866 Pomponium
593 773 672 866 legi,
693 774 807 844 animo
819 782 876 846 tuo
894 775 1125 846 mandabitur.
1152 775 1297 860 Quidam
1311 775 1398 845 adeo

356 887 392 958 in
409 888 557 961 latebras
574 889 782 980 relegerunt,
806 899 843 960 ut
862 899 980 980 putent
999 890 1034 960 in
1053 889 1190 963 turbido
1206 912 1280 961 esse
1295 888 1396 981 quid·

355 1001 439 1094 quid
462 1003 496 1072 in
515 1004 590 1074 luce
608 1014 672 1074 est.
700 1037 718 1074 n
742 1003 862 1098 (Epist.
889 1001 944 1096 3.)
958 1004 1006 1074 De
1023 1003 1089 1074 hoc
1109 1004 1293 1096 Pomponio
1311 1002 1397 1072 nihil

356 1118 438 1188 satis
457 1128 599 1190 constat.
621 1119 750 1212 Nempe
770 1140 838 1188 non
864 1119 962 1190 nobis
982 1120 1117 1190 videtur
1136 1120 1192 1190 hic
1216 1121 1306 1191 idem
1324 1141 1398 1188 esse

356 1243 459 1324 atque
480 1235 686 1328 Pomponius
712 1233 853 1328 qnidam
877 1232 1190 1328 philosophusque,
1219 1245 1397 1328 postquam

357 1351 543 1422 comoedias
561 1351 754 1444 scripserat,
776 1373 893 1422 necem
912 1351 976 1422 sibi
997 1351 1173 1441 conscivit,
1194 1351 1397 1424 obnimiam

356 1467 461 1536 animi
472 1466 690 1560 corporisque
704 1467 906 1538 molestiam.
922 1469 953 1538 ls
967 1467 1151 1540 decessisse
1171 1465 1343 1552 AEclani,
1362 1467 1398 1538 in

356 1582 488 1655 colonia
506 1603 660 1672 romana,
680 1582 828 1672 videtur,
851 1592 889 1653 ut
909 1605 953 1654 ex
971 1583 1188 1678 inscriptione
1214 1583 1248 1652 in
1271 1583 1401 1675 cryptis

355 1698 602 1770 aeclanensibus
616 1709 749 1792 reperta
765 1709 855 1792 patet
870 1699 894 1767 ¹.

405 1813 480 1884 Non
500 1814 754 1907 praetermittam
774 1813 908 1886 silentio
934 1812 976 1882 C.
1005 1813 1227 1884 Passienum
1251 1813 1286 1883 in
1307 1812 1400 1884 dete·

355 1927 475 2020 gaudis
489 1950 530 1998 ao
548 1929 709 1998 sanandis
726 1929 819 2014 vitiis
833 1929 1102 2018 solertissimum,
1123 1930 1221 2020 cujus
1239 1951 1280 2000 ea
1303 1950 1395 2000 vox:

357 2071 375 2106 α
396 2042 584 2114 adulationi
604 2045 708 2130 ioreS,
731 2045 825 2115 velut
843 2045 977 2116 amicae.
998 2045 1217 2116 occludendae
1237 2047 1353 2128 sunt2;
1378 2076 1395 2108 ›.·

357 2204 404 2218 -
422 2161 636 2236 Rubellium
652 2164 850 2255 Plautum,
874 2168 919 2237 ob
937 2167 1078 2238 stoicam
1094 2166 1312 2258 gravitatem,
1335 2167 1402 2236 Ne-

356 2282 431 2354 roni
441 2281 589 2354 invieum
601 2283 632 2367 3;
654 2281 868 2370 Coerunum,
882 2282 942 2375 qui
951 2282 1105 2354 morienti
1119 2281 1353 2354 Plautoadluir
1369 2283 1397 2370 ⁴3

357 2395 518 2469 Nouium
540 2396 728 2484 Priscum,
750 2396 966 2470 Maximum
996 2396 1201 2472 euronium
1222 2418 1243 2468 e
1264 2397 1402 2470 cohorte

394 2612 401 2639 ¹
416 2616 476 2665 Hoc
488 2618 527 2666 est
540 2615 670 2678 inscriptio
683 2630 691 2664 z
706 2630 720 2662 u
733 2619 764 2666 D.
778 2617 815 2666 M.
829 2617 863 2666 M.
879 2611 1028 2684 Pomponio
1042 2606 1079 2668 Μ’.
1093 2617 1170 2666 Filio.
1183 2617 1219 2668 Μ.
1234 2617 1279 2678 M„
1292 2617 1329 2664 Μ.
1340 2616 1400 2664 Pro-

358 2726 448 2775 nepos,
466 2715 502 2764 M.
523 2713 644 2776 Abnepos
659 2715 718 2763 cor.
739 2691 843 2764 Bassulo
860 2711 941 2766 iivir.
952 2717 983 2773 Q.
999 2716 1030 2772 Q.
1044 2741 1080 2752 -
1094 2716 1132 2764 Ne
1148 2728 1217 2766 more
1239 2713 1334 2777 pecoris
1348 2711 1402 2760 olio

358 2809 556 2872 transiongerer,
570 2811 704 2860 Menandri
713 2811 785 2860 Vorti
798 2811 871 2860 scitas
890 2811 995 2870 labotes,
1016 2815 1042 2860 et
1062 2810 1130 2872 ipsus
1147 2812 1222 2861 oliam
1238 2810 1325 2862 sedule
1339 2809 1402 2857 finxi

358 2919 453 2960 noras:
473 2907 498 2956 id
523 2907 597 2970 quale
620 2909 836 2970 quaternorum
856 2908 1003 2958 mandatum
1016 2901 1067 2966 dv;
1091 2923 1177 2959 rerum
1199 2914 1301 2958 verutus
1319 2904 1397 2956 enimi

358 3005 424 3055 curis
438 3004 527 3066 anxiis,
539 3005 670 3055 nonnullis
685 3007 761 3056 etium
771 3006 882 3068 corporis
893 3005 1032 3067 doloribus,
1050 3010 1226 3068 utrumquem
1244 3009 1310 3055 esset
1323 3003 1402 3054 trodio

357 3103 565 3165 supramodum,
587 3108 697 3166 optnlurn
716 3108 823 3152 mortem
840 3115 896 3154 sum
915 3117 962 3155 a...
984 3103 1057 3161 milri,
1076 3116 1121 3152 suo
1143 3103 1174 3152 de
1192 3114 1261 3152 more
1276 3105 1400 3151 cuncte...

359 3227 393 3239 -
410 3203 462 3252 Vos
477 3202 503 3250 io
524 3201 688 3263 sepulchro...
709 3201 776 3262 qood
797 3202 829 3251 sit
847 3201 1033 3252 documento...
1057 3201 1191 3250 immodice
1211 3213 1244 3250 nc
1262 3200 1318 3262 quis
1340 3199 1399 3248 vitm

360 3312 453 3362 scop...
465 3305 534 3364 neat,
544 3312 602 3349 com
614 3300 755 3361 stipamine
772 3305 857 3360 portus
868 3301 955 3361 ojac...
970 3300 1036 3366 ibus,
1049 3300 1092 3361 qui
1110 3312 1157 3348 nos
1168 3298 1274 3360 excipiat
1283 3298 1314 3350 ad
1325 3297 1402 3360 quie-

361 3401 413 3448 tem
426 3409 512 3448 ...em
522 3395 572 3446 Sed
580 3397 633 3457 jam
643 3394 735 3456 valete,
749 3395 950 3454 donecvi...‚.it.
964 3415 975 3438 ·
988 3395 1117 3458 (Inscript.
1130 3394 1173 3445 lat.
1182 3397 1297 3444 Heuzen.
1309 3393 1402 3458 5605.)

362 3519 397 3530 -
410 3493 602 3544 Credunthunc
617 3492 786 3556 Pomponium
800 3491 890 3542 vixisse
905 3498 962 3556 post
979 3493 1103 3544 coloniam
1123 3491 1403 3554 avesparianeAEcla·

362 3604 425 3642 num
446 3590 591 3652 deductum,
611 3603 670 3640 nam
689 3595 763 3644 antea
781 3592 947 3652 quatuorriris
965 3593 1129 3645 AEclanenses
1143 3591 1290 3642 utebantur.
1310 3593 1402 3650 Quan-

362 3703 438 3754 quam
458 3689 566 3740 diximus
583 3690 657 3739 nobis
672 3702 725 3740 non
748 3689 827 3740 videri
843 3691 910 3740 hunc
928 3690 1047 3741 eumdem
1062 3703 1117 3741 esse
1138 3693 1212 3753 utque
1233 3688 1404 3751 Pomponium

361 3787 433 3837 illurn
444 3801 521 3850 quem
530 3789 626 3838 Seneca
639 3786 733 3845 laudat,
754 3791 839 3838 tomen
850 3787 973 3840 addemus
987 3801 1040 3838 non
1057 3788 1196 3838 absurdum
1209 3787 1262 3838 lora
1273 3785 1361 3848 siquis
1376 3785 1403 3834 ld

361 3886 538 3937 contenderet.

397 3981 515 4042 ‘Quaeso
529 3986 581 4032 net.
595 3999 631 4043 nr,
647 3981 717 4043 prol.

398 4077 410 4107 ³
428 4099 440 4124 u
455 4081 571 4130 Plautum
584 4083 696 4129 veterum
708 4079 879 4127 Romanorum
893 4077 1049 4128 imitamenta
1057 4077 1184 4138 prolerre,
1195 4078 1404 4140 assumptueliern

362 4180 495 4231 stoicorum
517 4179 657 4240 arrogantia
682 4182 808 4239 sectaque,
830 4189 886 4238 qnae
907 4177 1019 4226 turbidos
1038 4180 1063 4225 et
1077 4176 1233 4239 negotiorum
1255 4179 1404 4238 appetentes

363 4275 444 4327 iaciat.
457 4291 472 4321 u
483 4272 553 4338 (Tac.
567 4270 638 4323 Anu.
651 4290 704 4336 xlv,
717 4266 775 4336 57.)

399 4370 486 4424 ⁴Ann·
496 4391 549 4432 xiv,
560 4369 605 4422 59.
