3168 5150
845 484 880 494 ..
897 457 933 513 44
950 483 986 496 ..-

398 606 417 648 u
444 577 532 672 pulis
546 579 768 668 instruantur,
785 588 818 651 et
834 589 921 651 tenta
936 601 1019 652 auro
1036 580 1200 672 fulgeant,
1217 583 1442 676 parricidium

399 715 418 755 u
446 687 530 758 tanti
547 687 672 760 initi...
690 686 758 776 An,
781 687 920 780 nequid
937 688 1048 758 ventri
1065 697 1206 781 negetur
1222 690 1440 785 libidinique,

399 829 419 870 u
447 802 538 874 orbis
556 802 732 874 servitium
750 803 980 896 expetendum
994 812 1046 874 est
1061 803 1093 873 ¹?
1115 831 1133 872 u

447 915 594 988 Contra·
600 920 766 1015 pecuniae
783 915 1018 1017 cupiditatem
1032 939 1080 990 uc
1100 917 1309 990 luxurium.
1331 922 1363 992 ls
1381 922 1442 992 lo-

396 1059 457 1109 ous
485 1035 606 1131 poetis
642 1036 833 1107 oratoribus
858 1045 892 1106 et
912 1036 1123 1130 philosophis
1152 1038 1340 1118 eommunis
1371 1048 1439 1128 est,

395 1171 509 1244 neque
529 1149 719 1244 quidquam
746 1151 857 1244 magis
875 1160 992 1223 notum
1016 1174 1120 1245 quam
1141 1153 1272 1245 Virgilii
1294 1153 1445 1226 Horatii·

396 1286 465 1360 que
481 1287 623 1352 versus,
651 1266 710 1337 uhi
730 1288 864 1337 morum
887 1267 1038 1355 lascivia,
1064 1267 1240 1338 hominum
1270 1270 1440 1360 pravitas

396 1392 431 1452 et
449 1381 584 1452 infamis
600 1381 739 1452 mollitia
752 1382 969 1476 increpantur
982 1384 1008 1449 2.
1031 1382 1150 1474 Neque
1163 1383 1317 1454 rhetores
1334 1383 1378 1454 ab
1400 1407 1444 1456 ea

396 1497 529 1569 dicendi
549 1497 690 1568 materia
700 1497 906 1568 abstinuere.
923 1495 1110 1568 Fabianum
1123 1497 1306 1568 audiamus
1327 1525 1335 1567 ε
1354 1522 1371 1566 (ι
1387 1497 1445 1571 Au

400 1642 417 1679 »
446 1613 583 1685 delicias
601 1612 767 1684 dementis
790 1614 939 1684 luxuriae
959 1613 1046 1708 lapis
1069 1613 1178 1684 omnis
1196 1613 1338 1703 eruitur,
1372 1637 1443 1688 cae-

400 1760 417 1796 »
446 1732 640 1821 dunturque
668 1729 820 1819 gentium
849 1730 1007 1801 silvae...
1033 1729 1305 1828 Opaupertas!
1327 1753 1445 1827 quam

401 1869 419 1912 u
448 1846 614 1939 ignotum
627 1837 761 1912 bonum
777 1843 835 1912 es!
856 1843 944 1927 Quin
963 1844 1065 1914 etiam
1083 1856 1216 1914 montes
1229 1844 1394 1938 silvaeque
1408 1845 1444 1915 in

402 1989 420 2029 u
449 1959 607 2031 domibus
630 1959 791 2030 marcidis
812 1969 845 2030 et
870 1961 991 2032 umbra
1016 1961 1178 2054 fumoque
1200 1960 1380 2032 viridibus.
1400 1963 1445 2034 Ut

402 2105 421 2144 ιι
448 2076 556 2148 maria
590 2097 779 2168 amnesque
812 2085 1006 2164 mutentur,
1038 2077 1101 2146 vix
1137 2097 1277 2171 pessum
1304 2076 1444 2150 credere

402 2217 419 2261 u
450 2213 656 2286 quemquam
674 2191 800 2264 vidisse
822 2193 927 2265 silvas
943 2202 1166 2286 patentesque
1180 2214 1333 2286 campos,
1354 2215 1444 2287 quos

402 2335 420 2376 u
449 2310 587 2402 rapidus
597 2308 707 2378 amnis
724 2331 769 2378 ex
783 2309 959 2402 praecipiti,
978 2311 1030 2380 vel
1050 2332 1128 2380 eum
1145 2310 1179 2379 in
1192 2311 1294 2404 plana
1311 2310 1445 2382 inlusus
1538 2311 1539 2342 ³

403 2450 422 2490 u
449 2433 514 2514 est,
535 2423 689 2517 placidus
705 2423 889 2494 interfluit:
911 2446 980 2496 non
998 2426 1107 2496 muria
1129 2447 1282 2517 unquam
1298 2447 1344 2497 ex
1357 2427 1444 2498 nolle
1538 2511 1539 2514 Ἴ

404 2567 421 2603 ι
449 2538 575 2610 vidisse
595 2539 663 2608 lata
681 2547 741 2609 aut
760 2538 917 2630 hiberna,
936 2563 1011 2613 cum
1029 2541 1141 2612 ventis
1159 2541 1293 2634 penitus
1314 2541 1442 2634 agitata
1538 2515 1539 2538 Χ

404 2681 422 2720 u
450 2662 541 2724 sunt.
558 2655 641 2738 Quis
655 2653 745 2726 enim
759 2661 829 2725 tam
849 2657 966 2748 parvis
985 2657 1019 2727 in
1039 2657 1110 2728 vita
1135 2665 1250 2750 posset
1273 2656 1445 2728 oblectare

404 2796 423 2835 ιι
450 2767 615 2856 animum,
637 2768 665 2838 si
678 2789 760 2839 vera
778 2771 975 2860 cognoverit
988 2771 1070 2842 ³?...
1090 2796 1158 2837 ιι-
1178 2769 1247 2841 Silo
1263 2771 1444 2863 Pompeius
1539 2861 1540 2866 Ἰ

401 2892 436 2956 et
458 2881 616 2954 Albutius
635 2884 669 2953 in
691 2883 828 2956 divitias
841 2886 944 2956 etiam
965 2886 1088 2957 invecti
1103 2895 1182 2956 sunt
1203 2909 1210 2953 :
1236 2911 1254 2952 ιι
1274 2886 1444 2980 Pauperes
1539 2873 1540 2914 ³

402 3021 471 3072 non
492 3021 663 3092 venenum
687 3001 818 3090 timore,
836 3029 854 3068 u
890 3003 937 3073 ait
953 3000 1132 3092 Albutius;
1158 3025 1175 3070 u
1185 2998 1327 3100 floridas
1346 2997 1446 3072 Deos

404 3141 423 3182 ι)
444 3112 580 3213 faciles
585 3111 712 3211 juisse
726 3140 743 3184 u
760 3116 902 3189 orationi
916 3116 1082 3207 interjecit
1095 3115 1240 3188 Arellius
1251 3115 1278 3187 4.
1301 3153 1345 3168 --
1360 3116 1446 3186 Rur-
1539 3115 1540 3132 *

403 3255 462 3304 sus
493 3231 692 3303 Fabianus:
717 3231 837 3304 «Noli
863 3233 1045 3327 pecuniam
1073 3233 1323 3325 concupiscere.
1354 3231 1445 3316 Quid

406 3376 425 3417 ιι
453 3347 512 3418 tibi
527 3347 663 3418 dicam?
682 3347 759 3420 haeo
771 3357 823 3420 est
840 3369 920 3440 quae
938 3358 1041 3442 auget
1057 3349 1275 3436 discordiam,
1298 3349 1399 3420 urbes
1413 3356 1446 3419 et

406 3488 424 3533 u
452 3463 747 3534 terrarumorbem
759 3463 794 3533 in
807 3463 934 3536 bellum
952 3465 1071 3556 agitat,
1088 3460 1293 3534 humanum
1309 3485 1442 3560 genus,

408 3608 426 3644 ι
453 3591 656 3675 cognatum
673 3592 829 3670 natura,
849 3580 884 3649 in
906 3577 1069 3676 fraudes
1093 3589 1127 3650 et
1153 3576 1295 3650 scelera
1312 3590 1445 3650 mutua

407 3720 426 3762 u
453 3692 589 3786 instigat
612 3697 638 3764 ⁵.
662 3724 679 3760 »
707 3734 751 3750 -
775 3697 868 3768 ldem
886 3697 929 3768 de
945 3689 1082 3766 mundo
1099 3690 1292 3765 muliebri:
1317 3718 1336 3760 ιι
1356 3692 1445 3778 Quid

443 3933 449 3962 ¹
462 3935 582 3988 controv.
599 3952 628 3997 ιι,
639 3935 667 3988 9.

441 4031 551 4087 ’Horat
563 4035 616 4085 Sat.
633 4034 653 4086 Ι.
672 4036 836 4086 1.·-carm.
856 4051 885 4101 ιι,
907 4032 950 4086 od.
966 4033 994 4095 2,
1014 4033 1057 4086 lt.
1070 4035 1200 4086 -carnu
1220 4049 1261 4097 111,
1283 4029 1327 4084 od.
1350 4027 1395 4081 18.
1410 4054 1443 4064 -

406 4120 477 4184 virg.
492 4114 594 4189 θροις.
608 4139 636 4180 ιι,
649 4134 675 4173 r.
689 4120 751 4171 too.

442 4215 452 4247 ¹
466 4219 556 4270 contr.
571 4237 601 4284 11,
616 4217 644 4272 9.

444 4311 535 4368 ‘retu

426 4459 429 4468 .
444 4415 453 4444 ⁵
466 4418 555 4476 contr.
569 4433 597 4480 ιι,
613 4417 654 4473 tt.
