3158 5158
360 565 422 660 qui
439 586 459 636 e
474 565 576 635 domo
592 563 746 656 magistri
760 563 990 656 egrederetur,
1013 585 1089 634 eum
1106 565 1203 634 vultu
1217 563 1400 636 moestoin·

360 679 478 752 cedere
505 688 674 772 oportere,
695 679 888 772 vulnusque
904 681 975 770 jam
1000 679 1175 770 oognitnrn
1198 700 1302 750 manu
1321 699 1400 773 per·

360 803 559 868 tractantem
575 794 601 864 ¹.
619 820 636 863 u

397 999 402 1027 ¹
417 1001 549 1063 Arrianus,
564 1019 602 1062 ιιι,
615 1001 661 1054 23.
672 1003 789 1063 -Quod
801 1008 925 1055 memorat
938 1008 964 1054 et
977 1005 1008 1054 A.
1018 1003 1117 1054 Gellius
1132 1017 1140 1053 ι
1157 1023 1169 1047 ι
1187 1002 1329 1054 Musonium
1342 1003 1402 1066 nhi-

359 1087 490 1154 losophurn
503 1092 604 1142 solitum
614 1092 698 1144 dicere
711 1093 846 1156 accipimus
857 1109 865 1146 ι
878 1095 943 1146 Cum
956 1093 1137 1157 philosophus,
1158 1092 1260 1155 inquit,
1275 1092 1400 1151 hortatur,

359 1185 458 1244 monet,
474 1181 572 1244 suadet,
587 1181 711 1244 obiurgat,
728 1185 781 1232 turn
794 1183 837 1244 qni
853 1181 970 1242 attdinnt,
981 1181 1002 1232 si
1016 1182 1048 1232 de
1063 1193 1162 1231 surnruo
1174 1184 1200 1232 et
1209 1180 1290 1230 soluto
1300 1185 1401 1242 pectore

358 1268 446 1320 obuias
460 1269 621 1332 vulgatasque
630 1252 716 1322 laudes
729 1270 895 1334 ellntiunt,si
903 1271 1032 1328 clamitant
1049 1271 1140 1335 etiarn,
1154 1269 1174 1320 si
1187 1269 1308 1334 gestiunt,
1322 1269 1343 1318 si
1352 1281 1401 1320 ro-

360 1373 416 1410 cutn
425 1359 479 1420 ejus
489 1358 676 1423 festivitatibus,
685 1359 706 1408 si
719 1359 829 1410 modulis
840 1360 986 1422 verborum,
997 1359 1018 1409 si
1029 1359 1180 1421 quibusdam
1193 1359 1264 1420 quasi
1276 1358 1402 1421 trequen-

361 1448 478 1498 tnntentis
495 1447 615 1498 orationis
633 1453 780 1514 moventur,
795 1449 968 1512 exagitantur,
983 1453 1036 1498 tunt
1050 1448 1113 1498 scias
1133 1451 1159 1498 et
1179 1445 1222 1509 qut
1236 1447 1298 1496 dicit
1318 1451 1344 1496 et
1358 1447 1402 1509 qui

361 1537 431 1587 audit
451 1536 541 1586 trustra
561 1550 632 1598 usse,
654 1551 737 1602 neque
756 1538 807 1588 illln
830 1539 1009 1600 philosophum
1029 1535 1109 1601 loqui,
1133 1533 1177 1586 sed
1199 1535 1329 1586 tibicinem
1355 1548 1401 1584 ca·

361 1637 455 1678 nere...
477 1629 601 1678 Proterea
627 1626 726 1678 dicebat
747 1626 958 1691 admirationem,
979 1639 1037 1690 que
1052 1625 1162 1677 maxima
1185 1629 1233 1689 sat,
1254 1635 1306 1674 non
1320 1623 1403 1687 parire

361 1717 447 1783 verba,
458 1716 503 1768 sed
515 1717 654 1768 silentium.
670 1731 684 1768 n
702 1713 743 1786 (L.
756 1719 791 1784 V,
806 1731 829 1768 t.
843 1715 873 1780 r.)
