3158 5158
743 446 884 500 ...72-

301 573 411 664 llujas
424 570 541 664 magni
558 571 637 642 iacit
656 571 796 659 Seneca,
811 593 889 642 cum
905 569 1024 660 librae,
1046 580 1119 642 tum
1143 571 1345 664 disputatio·

302 715 376 764 nes.
396 690 515 760 Libros
528 689 663 782 quidem
682 711 750 760 non
764 691 869 762 multo
882 689 1057 762 interiores
1070 689 1253 777 Ciceronis,
1274 691 1348 762 Pol·

287 848 290 853 ·
307 807 407 878 lionis
426 828 466 877 ae
481 805 545 876 Titi
564 806 820 898 Liviioperihas
838 827 913 876 esse
930 807 1021 901 ducit
1037 833 1044 874 :
1063 805 1190 877 namin
1209 807 1257 876 eis
1271 827 1348 878 esse

304 921 486 1017 plurimum
506 920 673 991 facilitatis
686 931 720 990 et
738 920 860 1014 copiae,
883 921 966 990 satis
986 919 1215 1006 sublimitatis
1234 920 1348 990 amnia

303 1037 413 1128 larga,
428 1029 555 1131 ampla,
573 1039 766 1130 perspicua,
791 1036 948 1124 honesta,
976 1037 1058 1107 nihil
1076 1043 1263 1131 captatam,
1291 1045 1350 1106 aut

304 1162 508 1240 contortum,
529 1165 588 1224 aut
605 1153 705 1223 nimis
722 1153 902 1245 exquisitae
915 1154 1070 1246 politurae
1089 1153 1113 1221 1.
1129 1151 1289 1242 Ejusdem
1303 1153 1351 1221 ei·

304 1265 419 1359 ligiam
437 1269 564 1339 Seneca
577 1277 671 1359 pater
682 1267 737 1338 his
750 1267 865 1338 verbis
875 1268 1042 1362 expressit
1058 1293 1065 1335 :
1086 1292 1105 1335 a
1120 1265 1204 1336 Cum
1214 1274 1352 1358 repete-

305 1411 324 1450 »
352 1402 517 1474 rcmquos
527 1405 676 1476 unquam
691 1384 777 1454 bene
790 1382 1222 1469 declamantesandiissem,
1236 1403 1361 1451 occur-·

305 1523 324 1566 a
352 1496 397 1565 rit
416 1497 498 1566 mihi
511 1496 680 1567 Fabianus
708 1497 931 1590 philosophus
946 1522 953 1564 :
970 1499 1034 1594 qui
1045 1491 1261 1566 adolescens
1282 1489 1352 1564 ad-

308 1645 327 1679 »
356 1609 518 1699 modum,
540 1625 653 1682 tantae
666 1616 838 1710 opinionis
857 1617 894 1682 in
913 1607 1174 1698 declamando,
1204 1623 1354 1708 quarztce

308 1755 327 1798 a
350 1741 480 1826 posteo
499 1731 537 1798 in
553 1725 777 1826 disputando
795 1726 883 1825 fait.
901 1731 1132 1800 Exercebatur
1150 1727 1243 1822 apud
1255 1724 1351 1797 Arel-

310 1869 327 1913 ε
357 1843 439 1913 lium
458 1843 633 1914 Fuscum:
661 1843 759 1932 cujus
784 1866 891 1935 genus
919 1844 1051 1916 dicendi
1079 1843 1243 1928 imitatus,
1278 1842 1355 1935 plus

311 1989 329 2024 a
357 1958 479 2030 deinde
492 1959 619 2029 laboris
636 1957 814 2051 impendit,
840 1968 878 2028 ut
900 1957 1155 2028 similitudinem
1178 1957 1251 2047 ejus
1269 1955 1355 2026 eilu-

311 2103 329 2141 »
357 2083 465 2166 geret,
493 2096 597 2169 quam
620 2073 830 2167 impenderat
857 2081 895 2143 ut
924 2073 1177 2168 exprimeret...
1210 2072 1264 2142 Ab
1291 2071 1357 2142 bac

311 2213 329 2258 a
359 2187 489 2285 (Arellii
507 2185 746 2284 explicatione)
759 2188 931 2260 Fabianus
949 2210 987 2260 se
1005 2187 1190 2282 separavit,
1211 2187 1357 2258 etluxu·

347 2454 376 2497 ¹«
386 2457 512 2508 Fabianus
528 2469 581 2507 non
593 2459 646 2507 erat
655 2456 787 2519 negligens
802 2456 830 2505 in
846 2454 974 2516 oratione,
989 2453 1035 2505 sed
1049 2465 1151 2504 securus
1164 2466 1171 2500 τ
1185 2452 1270 2514 itaque
1286 2451 1350 2502 nibil

312 2547 427 2600 invenies
449 2545 588 2596 sordidum.
610 2545 696 2596 Electa
716 2546 793 2596 verba
814 2548 884 2604 sunt,
905 2557 957 2594 non
979 2547 1092 2606 captata;
1110 2554 1157 2591 nec
1177 2542 1252 2604 hujus
1275 2541 1360 2592 saculi

311 2647 382 2684 more
397 2637 483 2683 contra
497 2637 612 2683 naturam
624 2647 695 2682 suam
712 2634 792 2696 posita
807 2637 832 2683 et
844 2633 960 2693 inversa,
972 2631 1106 2694 splendida
1121 2637 1224 2690 tamen,
1246 2631 1360 2692 quamvis

312 2725 444 2772 sumantur
462 2721 577 2770 emedio
598 2733 706 2770 :sensus
724 2721 844 2770 honestos
864 2725 890 2770 et
907 2719 1054 2780 magnificos
1068 2718 1174 2779 babent,
1192 2730 1246 2766 non
1261 2723 1360 2767 coactos

314 2809 529 2868 insectandam,
548 2810 592 2860 sed
614 2811 687 2860 latius
706 2810 803 2860 ductas.
820 2809 970 2859 Videbimus
989 2807 1051 2871 quid
1070 2819 1158 2870 parum
1183 2807 1292 2856 recisum
1311 2807 1361 2872 sit,

313 2901 373 2966 quid
394 2914 482 2964 parum
497 2905 633 2960 structum,
655 2901 716 2964 qaid
732 2913 783 2950 nan
802 2901 876 2962 hujus
893 2897 1001 2948 recentis
1016 2897 1130 2961 politura]
1148 2912 1155 2946 ε
1175 2909 1233 2946 curn
1248 2896 1361 2946 circumu

315 2991 425 3054 spexeris
439 2990 535 3050 omnia,
549 2991 630 3040 nullas
645 2990 741 3041 ridebis
757 2989 886 3052 angustias
899 2989 1047 3038 inanes.....
1059 2986 1171 3036 Humilia
1185 2989 1304 3048 praeterea
1315 2985 1362 3034 tibi

315 3079 394 3130 rideri
407 3079 469 3129 dicis
484 3079 584 3141 amnia,
599 3085 624 3129 et
642 3092 730 3141 parurn
743 3082 843 3128 erecta:
862 3089 912 3139 quo
931 3075 992 3127 vitia
1005 3089 1091 3126 carere
1113 3087 1171 3124 eum
1190 3074 1286 3136 judico.
1304 3073 1362 3122 Non

315 3172 375 3218 sunt
387 3168 492 3217 humilia
505 3167 559 3226 illa,
575 3167 620 3216 sed
634 3167 739 3230 placida,
756 3171 781 3218 et
791 3166 822 3216 ad
835 3165 914 3216 animi
927 3170 1043 3215 tenorem
1056 3164 1170 3226 quietum
1181 3161 1366 3224 compositum-

316 3269 366 3319 que
380 3256 496 3317 sormala,
511 3269 558 3306 nec
573 3255 702 3317 depressa,
717 3255 761 3305 sed
772 3255 857 3316 plana.
873 3257 950 3304 Deest
961 3254 1011 3304 illis
1024 3252 1147 3303 oratorius
1158 3252 1239 3314 vigor,
1256 3251 1364 3302 stimuli-

317 3359 366 3408 qae
381 3360 444 3409 quas
458 3347 559 3408 queris,
575 3350 599 3396 et
613 3345 690 3394 subiti
703 3346 765 3394 ictus
776 3344 960 3394 sententiarum
974 3358 981 3393 ε
995 3343 1040 3393 sed
1059 3347 1138 3392 tatum
1153 3353 1244 3402 corpus
1256 3339 1363 3402 rideris,

318 3439 433 3499 quamvis
448 3438 480 3487 sit
491 3439 683 3498 incorruptum,
697 3436 834 3484 honestum
848 3440 886 3486 est
889 3470 944 3486 .....
955 3435 1000 3487 sed
1015 3448 1067 3486 ncn
1083 3437 1183 3496 prestat
1195 3433 1290 3484 omnia.
1306 3435 1365 3483 Non

320 3529 358 3576 est
370 3525 440 3575 tortis
453 3525 532 3576 oratio
547 3527 616 3588 ejus,
632 3525 747 3587 quamvis
762 3525 827 3575 elata
841 3525 894 3574 sits
915 3538 968 3574 non
984 3529 1022 3575 est
1036 3524 1163 3582 violenta,
1180 3537 1227 3574 nec
1250 3527 1364 3584 torrens,

319 3613 434 3678 quamvis
448 3615 527 3664 effusa
541 3615 573 3664 sit
591 3629 598 3664 ε
614 3627 667 3664 εοε
679 3617 717 3666 εει
729 3615 870 3678 perspicua,
885 3614 930 3664 sed
943 3627 1038 3676 pura...
1058 3614 1105 3664 lllc
1124 3625 1209 3663 rerum
1222 3627 1249 3664 se
1264 3613 1366 3676 magni-

321 3703 404 3752 tudini
420 3701 516 3753 addixit
531 3717 538 3750 :
553 3702 734 3764 eloquentiam,
753 3702 823 3753 velut
837 3703 968 3762 umbram,
982 3715 1034 3752 non
1056 3703 1103 3752 boc
1115 3715 1208 3764 agens.
1226 3703 1364 3752 trahit..·..

320 3791 436 3853 Denique
449 3791 511 3842 illud
526 3793 654 3854 prestabit
668 3798 696 3843 ut
709 3793 805 3854 liqueat
818 3792 863 3841 tibi
877 3793 949 3841 illum
961 3792 1071 3842 sensisse
1087 3803 1142 3854 qua
1157 3791 1265 3853 scripsit.
1282 3792 1366 3840 Intel-

321 3881 384 3942 liges
394 3885 476 3930 actum
489 3882 551 3942 bac,
566 3886 593 3931 ut
607 3887 633 3931 ta
648 3882 723 3931 scires
738 3881 799 3943 quid
819 3881 854 3930 illi
872 3882 997 3943 placeret,
1016 3893 1066 3930 non
1085 3887 1113 3930 ut
1125 3882 1167 3930 ille
1186 3882 1296 3942 placeret
1309 3880 1365 3929 tibi.

320 3969 361 4018 Ad
372 3969 510 4029 prolectam
523 3971 609 4019 omnia
624 3969 742 4035 tendunt,
756 3969 819 4018 etad
834 3970 926 4018 bonam
940 3975 1054 4020 mentem
1068 3980 1075 4019 ε
1095 3982 1147 4019 εοε
1161 3969 1281 4031 quaritur
1293 3967 1366 4028 plau-

322 4071 398 4108 sus...
411 4058 476 4107 curn
487 4058 600 4110 audirem
615 4064 681 4109 certe
695 4059 784 4119 illam,
798 4059 855 4110 talia
867 4058 931 4107 mihi
945 4058 1097 4109 videbantur
1112 4070 1119 4109 ε
1137 4071 1189 4107 εοε
1212 4057 1303 4116 solida,
1322 4056 1366 4106 sed

323 4149 413 4212 plena,
424 4161 480 4210 que
494 4147 681 4198 adolescentem
694 4140 787 4198 indolis
801 4149 874 4199 bane
889 4148 1049 4208 attollerent,
1065 4152 1090 4198 et
1103 4147 1136 4198 ad
1148 4147 1317 4197 imitationem
1327 4146 1366 4196 sui

324 4243 453 4298 vocarent,
474 4239 529 4290 sine
548 4239 723 4301 desperatione
745 4239 874 4290 vincendi.
896 4241 1014 4288 ceterum
1029 4237 1112 4290 verbis
1131 4237 1292 4298 abundabat,
1311 4235 1367 4284 sine

324 4327 545 4394 commendatione
567 4327 675 4390 partium
701 4327 876 4392 singularum,
902 4327 929 4376 ln
951 4327 1096 4378 universam
1122 4327 1280 4390 magnificus.
1294 4325 1318 4390 'a
1332 4347 1368 4364 --

325 4415 405 4480 Epist.
420 4435 442 4468 c.
