3158 5158
650 419 808 478 -tot-

209 547 287 620 dem
303 543 448 630 ostendit
466 546 612 616 fatorum
627 544 770 618 decretis
789 567 933 642 propere
945 549 1247 644 obtemperantem,

208 663 422 753 Deorumque
440 660 661 754 providentiae
676 661 765 732 dioto
779 662 985 751 audientem,
1005 665 1073 736 imo
1083 666 1188 755 jussis
1205 667 1249 740 il-

208 777 274 848 lius
288 777 427 848 obviam
445 784 595 864 euntem,
610 797 719 871 eaque
733 791 964 872 occupantem.
987 780 1019 851 ls
1038 779 1176 874 quidem
1197 783 1249 854 di·

207 915 295 986 gnus
310 899 362 963 est
379 893 473 963 locus
485 893 545 984 qui
557 893 719 964 afferatur
739 923 746 964 ε
769 918 787 962 <r
805 895 901 965 Hane
913 917 1051 989 qnoque
1060 896 1249 971 animosam

210 1031 227 1076 r>
255 1007 414 1078 Demetrii
424 1007 596 1077 fortissimi
607 1009 671 1078 viri
683 1031 802 1080 vocem
813 1011 951 1082 audisse
962 1033 1017 1082 me
1028 1012 1167 1082 memini
1181 1041 1189 1082 ι
1201 1052 1249 1066 -

211 1151 228 1188 »
256 1125 327 1194 Hoc
344 1145 465 1210 unum,
489 1123 610 1216 inquit,
637 1123 690 1194 Dii
713 1125 936 1212 immortaleS,
965 1126 1008 1198 de
1035 1127 1133 1200 vobis
1153 1129 1250 1220 queri

99 1289 100 1292 ,
209 1268 228 1306 n
255 1260 408 1334 possum,
439 1241 533 1333 quod
552 1262 620 1310 non
645 1250 722 1312 ante
752 1242 838 1312 mihi
863 1242 1072 1314 voluntatem
1100 1253 1251 1316 vestram

209 1381 227 1424 >›
256 1365 372 1427 notam
386 1356 523 1426 fecistis.
542 1357 636 1428 Prior
654 1358 746 1428 enim
764 1357 810 1428 ad
827 1358 891 1430 ista
908 1359 1092 1447 venissem,
1108 1362 1153 1433 ed
1170 1383 1250 1452 quae

208 1501 228 1541 o
256 1495 346 1544 nuno
359 1482 501 1544 vocatus
521 1473 653 1545 adsum.
670 1475 778 1544 Vultis
794 1475 916 1546 liberos
932 1478 1088 1548 sumere?
1103 1477 1177 1547 illos
1191 1498 1252 1549 vo·

208 1615 227 1658 »
256 1589 308 1660 bis
327 1589 459 1658 sustuli.
475 1589 585 1659 Vultis
603 1590 753 1681 aliquam
771 1599 901 1682 partem
920 1591 1250 1684 corporisl‘Sumite.

209 1729 226 1774 >r
255 1705 332 1775 Non
351 1725 511 1796 magnam
529 1727 602 1774 rem
617 1705 776 1799 promitto
802 1732 809 1774 ε
833 1705 899 1776 cito
922 1715 1029 1776 totum
1046 1705 1250 1800 relinquam.

209 1846 226 1888 r
255 1819 364 1890 Voltis
377 1819 558 1912 spiritum?
576 1820 717 1912 quidni?
732 1819 862 1890 nullam
877 1842 1008 1892 moram
1020 1821 1157 1909 faciam,
1172 1845 1253 1916 qno

209 1961 226 2004 >r
256 1936 370 2005 minus
395 1935 566 2028 recipiatis
593 1937 683 2029 quod
715 1936 867 2006 dedistis.
900 1936 932 2006 A
959 1919 1093 2008 volente
1122 1939 1249 2028 feretis,

211 2081 228 2116 s
256 2050 423 2144 quidquid
440 2050 615 2144 petieritis.
637 2051 727 2134 Quid
741 2073 822 2144 ergo
834 2053 907 2122 est?
921 2052 1117 2123 maluissem
1129 2055 1253 2126 offerre

210 2199 227 2234 »
256 2190 359 2262 quam
372 2166 517 2237 tradere.
543 2165 632 2250 Quid
646 2188 732 2260 opus
752 2166 814 2236 fuit
834 2167 991 2237 auferre?
1015 2169 1165 2262 accipere
1186 2193 1251 2263 po-

210 2310 226 2352 r>
255 2283 378 2354 tuistis.
390 2282 458 2353 Sed
472 2304 515 2353 ne
532 2304 625 2353 nune
643 2281 781 2376 quidem
796 2282 974 2354 auferetis:
996 2283 1076 2377 quia
1090 2283 1174 2353 nihil
1188 2285 1253 2355 eri-

210 2426 228 2466 »
255 2399 346 2492 pitur
359 2397 425 2468 nisi
444 2397 613 2468 retinenti.
636 2396 727 2467 Nihil
739 2417 856 2488 cogor,
876 2396 961 2467 nihil
975 2397 1085 2491 patior
1099 2398 1249 2470 invitus:

210 2543 228 2581 r
256 2535 319 2585 nec
336 2513 446 2583 servio
459 2515 542 2601 De0,
561 2512 791 2584 sedassentio.
808 2513 857 2584 Eo
869 2513 1007 2604 quidem
1024 2514 1251 2608 magis,quod

210 2659 228 2694 r
257 2629 325 2702 scio
338 2629 454 2699 omnia
473 2639 565 2702 certa
579 2638 612 2699 et
625 2629 659 2700 in
677 2640 844 2700 aeternum
863 2629 951 2700 dicta
971 2629 1045 2722 lege
1058 2630 1249 2704 decurrere.

209 2774 228 2812 »
255 2745 336 2816 Fata
351 2768 415 2816 nos
432 2746 573 2832 ducunt,
602 2755 634 2816 et
659 2755 826 2839 quantum
852 2745 976 2840 cuique
998 2755 1120 2834 restet,
1141 2747 1251 2841 prima

211 2891 228 2926 >r
253 2860 469 2931 nascentium
486 2861 572 2932 hora
591 2861 758 2952 disposuit
777 2861 803 2928 ¹.
823 2862 1049 2932 »Demetrius
1067 2863 1252 2934 multarum

209 2999 322 3048 rerum
333 2975 559 3066 cognitionem
573 2976 608 3044 in
623 2976 773 3066 sapiente
788 2996 857 3045 non
871 2977 1038 3068 probabat
1051 2979 1075 3061 ²,
1088 2977 1253 3072 cumipse

211 3154 272 3205 dicit
281 3152 424 3204 Demetrius
438 3155 535 3218 noster,
548 3163 604 3200 cum
615 3150 687 3200 illum
697 3150 749 3202 ridi
758 3150 864 3213 nudum,
879 3154 974 3213 quanto
994 3151 1078 3202 minus
1094 3165 1171 3214 quam
1184 3157 1251 3204 strn-

209 3244 302 3294 mentis
313 3242 497 3294 incubantem?
510 3241 568 3290 Non
581 3243 718 3302 preceptor
738 3240 804 3300 reri,
820 3239 864 3289 sed
881 3240 950 3292 testis
962 3244 1010 3292 est.
1024 3257 1037 3287 u
1057 3237 1116 3304 (Ep.
1133 3239 1188 3306 xx.)
1199 3243 1253 3294 Hoc

208 3332 334 3383 locomibi
348 3330 492 3382 Demetrius
508 3333 595 3380 noster
607 3329 713 3379 occurrit
731 3327 774 3390 qui
792 3329 869 3380 ultam
888 3342 1001 3380 securam
1019 3332 1045 3379 et
1059 3329 1115 3380 sine
1135 3330 1193 3380 ullis
1204 3330 1253 3380 ior·

210 3427 277 3472 tuna
290 3422 477 3472 incursionibus
488 3433 556 3470 mnre
570 3425 697 3468 mortuum
708 3422 788 3468 vocat.
804 3436 818 3466 o
833 3418 890 3486 (Ep.
904 3417 997 3486 cxvrr.)

246 3509 252 3536 ¹
265 3514 303 3562 De
316 3511 422 3561 Provid.
433 3511 497 3562 5.-
510 3511 624 3560 Stobaeus
638 3522 666 3558 er
682 3509 809 3558 Demetrio
820 3511 867 3560 hoo
876 3511 949 3562 affert
960 3523 966 3558 ε
979 3531 991 3550 «
1004 3505 1128 3577 ἀλογιστία
1142 3507 1176 3576 μὴ
1189 3526 1252 3578 συγ-

209 3596 294 3668 χώρειν
307 3599 359 3654 ταῖς
369 3595 430 3648 κατὰ
439 3597 477 3648 τὸν
490 3595 537 3660 βίον
553 3595 677 3665 ἀνάγκαις.
692 3618 702 3642 ι

245 3687 254 3715 ²
272 3689 401 3752 «Egregie
420 3687 489 3739 enim
502 3688 585 3738 dicere
597 3687 740 3738 Demetrius
760 3687 879 3751 cynicus,
892 3687 931 3737 vir
949 3685 1044 3750 judicio
1059 3698 1117 3738 meo
1134 3699 1251 3749 magnus,

210 3777 307 3830 etiamsi
321 3777 435 3827 maximis
446 3780 613 3838 comparetur,
628 3775 691 3826 solet
708 3790 715 3826 :
730 3801 764 3812 -·
776 3775 837 3825 Plus
852 3775 981 3838 prodesse,
998 3775 1019 3825 si
1034 3789 1111 3838 panca
1129 3779 1252 3838 precepta

210 3868 340 3930 sapientie
353 3871 448 3928 teneas,
463 3865 507 3915 sed
522 3865 564 3915 ille
579 3865 606 3913 in
622 3869 738 3926 promptu
753 3864 799 3913 tibi
813 3868 838 3914 et
852 3864 878 3913 in
894 3877 939 3914 usu
956 3865 1016 3924 sint,
1035 3877 1111 3926 quam
1131 3864 1152 3912 si
1174 3864 1252 3914 multa

210 3953 515 4016 enumeraremus
535 3953 577 4002 illu
596 3963 648 4002 non
662 3951 755 4002 habeus
776 3952 808 4002 ed
823 3964 936 4002 manum.
957 3951 1188 4014 Quemadmodum,
1208 3952 1252 4000 in-

211 4043 274 4105 quit,
288 4055 394 4105 magnus
407 4041 514 4092 luctator
526 4045 572 4100 est,
588 4053 639 4090 non
661 4041 704 4102 qui
725 4053 814 4090 omnes
828 4051 949 4090 numeros
962 4052 1091 4104 nexusque
1108 4039 1252 4103 perdidicit,

211 4145 317 4194 quorum
331 4144 389 4180 usus
404 4129 450 4180 sub
464 4128 606 4180 adversario
618 4133 742 4189 romscot,
753 4128 847 4191 sedqui
863 4128 887 4178 in
905 4141 956 4178 uno
965 4141 992 4178 se
1005 4133 1048 4180 aut
1059 4130 1137 4180 altero
1149 4129 1215 4178 bene
1230 4131 1256 4179 et

211 4221 346 4282 diligenter
357 4219 476 4278 exercuit,
490 4223 516 4269 et
530 4230 616 4270 eorum
629 4219 772 4270 occasiones
782 4217 895 4269 intentus
908 4223 1041 4281 exspectnt.
1063 4219 1115 4268 Nec
1130 4217 1199 4266 enim
1215 4229 1255 4267 rc·

210 4308 259 4358 lert
269 4321 344 4370 quam
356 4306 436 4358 muita
445 4305 519 4368 sciat,
533 4306 555 4355 si
565 4307 611 4356 scit
623 4310 745 4369 quantum
758 4305 867 4357 victoria
877 4306 936 4357 sutis
949 4305 1055 4358 astasio
1069 4306 1095 4356 in
1108 4305 1156 4356 hoc
1169 4305 1252 4360 studio

212 4397 290 4452 multe
301 4395 437 4462 delectant,
449 4407 526 4460 pauca
540 4394 678 4452 rincum...
694 4412 704 4440 ι
723 4387 772 4462 (De
782 4387 867 4467 benef.
889 4412 934 4464 ru,
948 4390 985 4463 1.)
