3158 5158
660 399 801 456 ..99..

206 546 224 592 n
254 543 347 611 usus,
370 531 404 596 et
417 523 632 596 inventorum
649 524 695 596 ab
713 525 789 599 aliis
806 522 944 596 seientia
964 530 998 592 et
1021 520 1242 615 dispositio...

206 661 223 706 u
251 637 395 709 Multum
412 645 567 730 egerunt,
584 638 737 732 quiante
755 662 818 712 nos
831 639 978 727 fuerunt,
1001 638 1146 712 sednon
1168 663 1245 735 per·

207 783 224 818 a
252 765 424 848 egerunt:
447 755 652 850 suspiciendi
687 767 801 830 tamen
833 769 930 847 suut,
955 763 989 826 et
1011 754 1078 826 ritu
1105 756 1247 832 deorum

205 898 224 939 n
251 871 382 943 colendi
401 873 493 943 ¹...»
519 913 561 928 -
584 903 600 937 (ε
624 874 701 947 Nou
721 895 803 965 ergo
824 894 947 966 sequor
964 872 1116 965 priores?
1143 875 1243 947 facio.

204 1011 222 1054 n
246 987 313 1058 Sed
335 987 491 1080 permitto
512 988 595 1058 mihi
616 999 649 1058 et
667 989 817 1060 invenire
837 987 980 1083 aliquid,
999 999 1032 1058 et
1051 999 1196 1077 mutare,
1214 1000 1247 1064 et

203 1131 223 1170 »
252 1103 506 1196 relinquerel...
531 1130 548 1174 n
569 1145 612 1159 -·
626 1106 756 1198 Nempe
769 1106 946 1178 hominum
958 1104 1089 1176 animos
1103 1103 1247 1198 diligen·

201 1219 282 1306 tine,
297 1241 401 1312 quam
414 1218 598 1312 quisquam
612 1230 726 1310 antea,
742 1221 904 1314 inspexit,
919 1230 952 1290 et
964 1219 1065 1290 altius
1076 1229 1246 1294 scrutatus

201 1345 266 1423 est,
292 1345 326 1406 et
352 1358 430 1429 quae
449 1337 522 1431 ipse
543 1337 821 1430 excogitaverat,
847 1346 966 1410 ornate
997 1345 1031 1407 et
1066 1335 1246 1428 magnifice

200 1451 302 1526 dixit.
321 1452 502 1541 Praeterea,
519 1476 597 1525 cum
619 1455 744 1526 multas
762 1456 907 1546 fortunae
923 1453 1017 1526 vices
1034 1452 1242 1547 pertulisset,

171 1561 175 1568 ’
199 1567 303 1638 modo
316 1589 361 1640 ox
380 1571 510 1642 urbana
534 1570 728 1641 celebritate
750 1569 785 1639 in
802 1570 964 1642 exsilium
979 1569 1125 1660 ejectus,
1144 1571 1245 1642 modo

199 1683 246 1754 ab
259 1685 369 1758 insula
388 1688 521 1760 deserta
542 1687 577 1758 in
599 1687 744 1778 gloriam
759 1687 883 1759 summi
904 1685 1028 1778 lastigii
1046 1695 1239 1779 provectus,

199 1809 238 1869 ut
263 1825 412 1896 quaeque
442 1826 479 1874 se
505 1803 652 1874 conditio
678 1803 864 1890 offerebat,
892 1803 991 1892 plura
1021 1802 1106 1873 forte
1140 1824 1243 1896 quam

199 1917 317 1990 ceteris
331 1917 514 1990 observare
526 1928 560 1990 et
575 1918 844 1990 animadvertere
857 1917 905 1988 illi
917 1915 1068 2008 contigit.

249 2031 349 2116 Quod
371 2033 399 2104 si
424 2033 583 2126 operibus
606 2034 679 2124 ejus
697 2033 891 2120 attenderis,
922 2031 1076 2104 invenies
1092 2031 1191 2103 illum
1209 2034 1244 2106 in

200 2147 411 2240 exponendis
431 2143 597 2234 decretis,
618 2169 698 2238 quae
711 2168 792 2241 pars
809 2157 859 2218 est
874 2145 1110 2239 antiquissima
1123 2155 1157 2218 et
1170 2147 1243 2238 jam

199 2263 330 2356 pridem
344 2263 485 2336 fundata
503 2263 618 2334 stoicae
631 2262 870 2358 philosophiae,
895 2261 1100 2350 claudicare,
1122 2271 1156 2334 et
1175 2284 1243 2334 ex-

198 2379 383 2472 plicatione
411 2380 459 2450 uti
488 2380 653 2473 abrupta,
682 2379 808 2466 hiulca,
836 2378 936 2449 simul
959 2387 992 2448 et
1017 2377 1170 2470 turgida,
1203 2399 1244 2450 ac

109 2529 116 2538 ’
198 2495 338 2566 minime
363 2518 457 2567 sanae
484 2495 668 2586 orationis3
693 2496 832 2566 obeam
861 2515 943 2566 sane
968 2513 1107 2567 causam
1134 2492 1240 2588 quod,

198 2634 277 2686 oum
302 2612 386 2683 nihil
403 2613 476 2706 ipse
499 2611 580 2684 novi
600 2610 732 2700 afferat,
753 2631 876 2702 resque
894 2609 999 2702 vulgo
1012 2617 1110 2681 notas
1126 2629 1243 2702 perso·

198 2737 336 2818 quatur,
352 2729 460 2801 verita
479 2728 599 2800 saltem
618 2735 752 2798 mutare
770 2735 803 2798 et
820 2725 932 2820 prisca
948 2724 1049 2798 novis
1066 2724 1243 2796 vocabulis

199 2843 311 2915 dicere
325 2845 462 2914 enititur
474 2845 501 2912 ³.

248 2961 316 3032 Sed
331 2959 438 3032 altera
457 2980 539 3050 pars
553 2980 644 3050 quae,
665 2967 704 3028 ut
727 2957 915 3044 diximus⁴,
937 2963 1069 3029 constat
1089 2975 1135 3026 ex
1149 2977 1242 3052 μνω-

199 3080 324 3174 ceptis,
355 3077 454 3166 longe
478 3073 602 3146 melius
619 3071 666 3141 illi
693 3070 854 3142 succedit.
879 3070 967 3140 Nam
988 3080 1085 3156 tum,
1109 3069 1242 3140 velute

199 3193 290 3265 fonte
305 3190 489 3277 uberrimo,
513 3211 569 3260 res
592 3196 711 3282 sponte
729 3187 914 3281 profluunt,
938 3194 973 3258 et
992 3184 1093 3255 beata
1109 3183 1241 3256 dicendi

198 3309 295 3403 copia
310 3307 469 3403 suppetit.
487 3307 571 3376 Tum
594 3325 730 3398 quoque
750 3302 849 3375 dietis
865 3302 940 3393 ejus
963 3301 1050 3372 inest
1076 3298 1240 3370 naturalis

199 3425 339 3517 quidam
353 3427 458 3513 color,
480 3432 512 3494 et
531 3443 636 3516 prope
648 3420 694 3492 ad
706 3419 952 3514 simplieitatem
973 3416 1150 3504 accedens,
1172 3436 1240 3486 non

198 3539 253 3608 ille
267 3541 398 3610 fucatus
419 3548 452 3609 et
470 3537 618 3631 pinguis
641 3557 706 3606 nee
728 3533 866 3604 minutis
882 3530 1092 3622 concisisque
1117 3530 1241 3600 referta

198 3655 371 3726 sententiis
383 3653 574 3748 explicatio.
592 3653 684 3722 Tunc
704 3671 772 3719 non
792 3648 960 3720 rhetorem
978 3647 1061 3737 agit,
1084 3644 1145 3716 sed
1161 3667 1240 3718 vere

196 3769 449 3862 philosophum.
471 3766 649 3853 Quomodo
674 3765 708 3835 id
728 3763 801 3836 fieri
822 3762 964 3850 dixeriS,
990 3761 1054 3831 uisi
1078 3760 1158 3852 quia
1184 3781 1240 3832 res

196 3907 217 3960 a
235 3887 346 3982 seipso
364 3885 473 3978 magis
487 3886 652 3980 proferat,
675 3881 828 3974 nihilque
843 3881 934 3954 dicat
951 3878 1044 3971 quod
1069 3899 1138 3950 nou
1161 3899 1238 3950 sen·

235 4079 239 4106 ¹
259 4085 307 4146 Ep.
320 4102 387 4134 xxxv.

232 4175 241 4204 ²
260 4180 309 4241 Ep.
322 4197 398 4229 xxxx.

232 4273 241 4302 ³
260 4278 349 4342 Leges,
365 4288 458 4340 quaeso,
476 4275 568 4326 llhrum
582 4274 614 4324 de
630 4265 820 4334 Providentia,
834 4271 878 4322 tul
890 4265 924 4324 de
939 4262 1032 4322 Consi.
1046 4276 1106 4336 top.

233 4371 241 4400 ⁴
261 4375 293 4425 V.
307 4385 363 4435 etp.
377 4391 420 4422 vu.
