3168 5150
317 572 457 646 omnino
471 570 690 664 respuebant,
720 577 757 639 nt
778 570 814 640 in
832 571 1001 642 Cineronis
1021 571 1108 643 libro
1134 568 1181 642 de
1205 569 1362 644 Divina-

319 692 412 759 tione
430 685 548 757 videre
568 694 632 756 est.
653 686 756 776 Ergo,
777 707 819 756 ea
844 685 888 756 de
913 687 1064 758 siderum
1093 687 1129 758 vi
1153 689 1306 780 vulgaris
1330 695 1364 760 et

319 803 454 898 plebeia
460 801 674 891 existimatio,
691 800 768 872 lieet
781 802 825 872 ab
844 802 901 871 illa
920 813 1053 873 naturae
1067 803 1222 891 seientia,
1237 804 1278 874 de
1292 825 1363 896 qna

319 919 481 1006 diximus,
502 926 592 990 esset
619 918 796 1006 absimilis,
818 928 932 990 tamen
954 922 1206 1012 quodammodo
1224 943 1302 992 oum
1321 943 1363 993 ea

318 1035 541 1128 congruebat,
555 1056 597 1104 eo
611 1035 801 1128 praesertim
815 1038 907 1128 quod
918 1037 1127 1130 sapientibus
1145 1039 1215 1108 lere
1235 1038 1364 1110 eunetis

318 1153 450 1224 animos
461 1170 506 1222 ex
519 1150 621 1222 astris
635 1150 774 1220 haustos
788 1173 862 1222 esse
875 1153 1044 1246 plaoebat.
1132 1141 1137 1148 ’

368 1269 485 1362 Igitur,
502 1283 562 1338 eae
575 1267 661 1337 duas
680 1267 779 1338 simul
795 1269 934 1339 Manilio
956 1292 1079 1341 causas
1093 1271 1196 1341 fuisse
1218 1271 1365 1342 dixerim

318 1403 380 1457 our
400 1406 480 1458 sese
504 1383 697 1474 accingeret
721 1384 765 1455 ad
793 1385 971 1456 scribenda
998 1388 1040 1458 de
1063 1386 1172 1458 Astris
1196 1389 1363 1478 earmina,

318 1500 411 1594 quod
430 1510 463 1572 et
474 1499 701 1594 philosophie
718 1501 884 1572 naturalis
899 1523 980 1596 pars
999 1513 1099 1596 esset,
1116 1511 1150 1574 et
1171 1505 1366 1577 mathema-

220 1605 224 1612 ’
318 1618 463 1690 beorum
482 1616 591 1708 gratia
609 1617 703 1710 apud
720 1638 837 1688 ornnes
856 1621 998 1711 vigeret.

367 1735 469 1829 Apud
489 1755 568 1804 eum
587 1734 735 1826 reperire
754 1741 805 1804 est
823 1731 930 1805 multa
949 1736 1146 1827 stoicorum,
1163 1733 1361 1830 domabile,

319 1851 430 1945 deque
447 1849 552 1920 animi
568 1848 674 1919 divini
689 1869 730 1918 ao
743 1848 884 1918 humani
904 1859 1038 1942 natura,
1059 1853 1196 1948 placita.

369 1969 451 2039 Haec
464 1967 506 2038 de
520 1966 633 2036 anima
652 1965 772 2050 mundi
791 1991 798 2032 :

443 2131 499 2188 Hoo
513 2145 575 2198 opus
586 2133 706 2186 immensi
716 2140 888 2187 constructum
898 2151 1004 2200 corpore
1017 2141 1118 2202 muudi,

442 2221 608 2289 Membraque
621 2229 716 2276 nature
729 2223 827 2277 diversa
838 2226 940 2277 condita
952 2229 1043 2292 torma,

443 2317 516 2367 lteris
530 2320 606 2378 atque
617 2315 691 2377 ignis,
703 2320 774 2391 terra
788 2316 921 2378 pelagique
934 2317 1052 2384 jacentis,

443 2405 489 2456 Vis
499 2404 590 2454 anima
601 2403 768 2467 divinaregit‚
779 2417 899 2468 sacroque
911 2410 997 2456 meatu

352 2497 356 2504 '
444 2494 665 2560 ConspirntDeus,
681 2496 707 2542 et
717 2493 792 2543 tacita
802 2494 899 2544 ratione
914 2496 1050 2558 gubernat,

445 2583 479 2632 Et
490 2582 570 2632 multa
578 2582 605 2631 in
620 2585 722 2632 eurotas
734 2583 865 2644 dispensat
876 2583 969 2634 loedera
982 2589 1084 2650 partes,

417 2737 420 2740 Ι
446 2672 561 2722 Alterum
573 2674 600 2721 ut
612 2669 714 2720 alterius
723 2671 788 2721 utres
803 2669 928 2733 iaciatque
941 2671 1065 2734 feratque,

446 2762 600 2823 summaque
610 2774 655 2823 per
666 2761 746 2812 varlas
766 2765 867 2811 maneat
878 2767 984 2824 cognata
997 2763 1090 2824 figuras
1107 2759 1125 2814 ¹.

445 2904 560 2965 Namque
570 2915 659 2952 eanum
672 2903 747 2952 tacita
761 2906 857 2953 nature
869 2907 956 2954 mente
969 2909 1101 2966 potentem

444 2993 611 3056 lutosumque
618 2995 700 3043 Deum
708 2993 769 3042 coelo
780 2993 903 3055 terrisque
913 2993 1039 3058 fretoque,

445 3067 679 3146 Ingentem'equall
691 3083 867 3133 moderantem
880 3083 975 3134 loedere
986 3084 1092 3150 molem,

447 3173 590 3234 notumque
604 3173 702 3222 alterno
714 3183 840 3222 consensu
850 3173 934 3224 vivere
945 3174 1084 3238 mundum,

446 3261 479 3312 Et
489 3259 594 3312 rationis
605 3262 644 3324 agl
659 3265 739 3320 motu,
754 3273 811 3310 oum
823 3261 925 3322 spiritus
935 3275 1001 3312 unus

446 3353 495 3400 Per
509 3353 610 3400 cunetas
620 3349 718 3400 habitet
728 3353 825 3411 portes,
838 3353 913 3412 atque
925 3351 1012 3413 lrriget
1023 3351 1112 3400 orbern

447 3439 541 3490 Omnia
550 3436 713 3500 pervolitans,
729 3449 869 3500 corpusque
883 3438 993 3490 animale
1008 3439 1109 3502 figuret.

446 3525 521 3586 Quorl
534 3525 583 3576 nisi
593 3525 705 3588 cognatis
719 3527 839 3577 membris
852 3531 972 3578 contexta
985 3532 1101 3578 maneret

445 3615 573 3676 Machina,
587 3619 613 3666 et
622 3615 739 3677 imposito
752 3621 851 3679 pareret
863 3620 915 3668 tota
928 3617 1057 3679 magistro,

447 3705 484 3754 Ao
499 3707 597 3754 tuntum
611 3701 702 3772 mundi
716 3711 814 3768 regeret
826 3705 964 3768 prudentia
975 3715 1090 3763 censum,

447 3794 507 3844 Non
523 3798 588 3844 esset
602 3793 766 3855 stotioterrls,
778 3799 854 3847 eto...

448 3884 532 3932 Motus
545 3883 599 3947 alit,
610 3895 662 3932 non
673 3887 754 3933 mutat
764 3895 837 3945 opus.
851 3883 892 3932 Sto
901 3881 987 3931 omnia
999 3885 1052 3932 tolo

448 3971 598 4032 Dispensata
611 3976 716 4021 mouent
729 3971 825 4020 mundo
836 3969 1025 4032 Dominumque
1040 3973 1191 4031 sequuntur.

449 4059 496 4108 llio
508 4060 583 4122 igitur
591 4062 660 4110 Deus
675 4061 700 4111 et
714 4060 776 4110 ratio
790 4069 844 4122 qua
859 4063 948 4108 cuncto
963 4059 1088 4121 gubernat

448 4149 523 4200 Ducit
534 4151 566 4201 ab
578 4143 693 4210 albereto
705 4155 804 4202 terrena
814 4147 931 4200 animalia
943 4143 1081 4212 slgnls²....

366 4328 458 4386 ¹L.l.
505 4329 509 4336 ’
614 4357 617 4364 ·

364 4417 485 4471 ²L.11.·
