3168 5150
159 860 189 904 llo
203 857 274 902 studio
283 872 317 904 sn·

166 911 317 965 pientioeupud

165 966 317 1028 Romanunm·

165 1035 190 1066 vo
203 1021 314 1066 Cicerone.

796 494 918 548 ..ᾖ-

336 635 405 684 non
432 617 515 687 lucis
539 627 629 708 eget,
658 627 693 688 et
710 621 826 690 multis
850 619 931 690 locis
959 639 980 689 a
1008 618 1054 690 M.
1075 615 1183 686 Tullio
1212 627 1263 686 est
1285 615 1378 684 illus-

338 739 423 803 trata
437 733 461 801 ¹.
1131 732 1134 738 ’

386 848 522 919 Constat
538 850 677 941 quidem
693 850 895 943 Scipionem,
912 849 1066 933 Laelium,
1079 851 1270 940 multosque
1296 845 1378 916 civi-

335 965 412 1033 tatis
428 965 610 1058 prinoipes,
629 967 683 1036 vel
702 974 779 1035 ante
791 965 958 1035 Ciceronis
980 972 1128 1053 aetatem,
1150 960 1376 1057 philosophiae

334 1080 520 1160 studuisse;
539 1102 639 1152 nemo
664 1081 767 1151 etiam
791 1087 899 1152 nescit
921 1082 984 1151 hoc
1007 1081 1170 1167 studium,
1192 1079 1271 1150 vivo
1287 1077 1377 1147 Cice·

333 1217 430 1277 rone,
444 1218 570 1286 magno
585 1197 618 1266 in
638 1195 887 1290 honoresfuisse
900 1196 991 1291 apud
1003 1198 1167 1290 optimum
1185 1216 1372 1287 quemque3

332 1311 558 1383 ideonomina
572 1313 698 1406 saepius
716 1315 885 1384 celebrata
899 1313 1021 1384 iterum
1040 1314 1190 1406 prolerre
1214 1333 1376 1406 superse-

332 1426 422 1499 debo
439 1454 448 1497 :
463 1431 535 1520 jam
555 1430 643 1499 enim
664 1431 698 1498 in
718 1432 836 1502 urbem
855 1430 974 1521 ingens
996 1430 1237 1520 magistrorum
1262 1427 1376 1496 multi-

333 1543 414 1614 tudo
451 1546 673 1634 confluxerat,
708 1568 855 1637 quorum
881 1547 938 1616 alii
956 1547 1152 1618 Graecorum
1179 1545 1316 1614 inventa
1342 1543 1376 1611 in

330 1659 466 1749 scholio,
489 1662 638 1734 admisso
655 1663 794 1756 populo,
815 1663 1057 1750 edisserebant,
1076 1684 1155 1755 pars
1182 1662 1216 1730 in
1236 1661 1375 1730 domum

329 1776 532 1868 optimatum
546 1779 684 1873 recepti,
705 1787 738 1848 et
755 1779 790 1848 in
813 1800 932 1848 eorum
946 1777 1109 1849 familiam
1128 1778 1183 1848 vel
1201 1777 1237 1846 in
1254 1776 1376 1846 cohor·

329 1897 397 1960 tem
412 1893 599 1964 amicorum
613 1895 786 1986 adscripti,
809 1903 990 1987 patronum
1011 1895 1126 1986 ipsum
1144 1902 1178 1964 et
1195 1894 1269 1982 ejus
1287 1891 1374 1960 libe·

328 2028 385 2077 ros
401 2010 572 2080 umbratih
581 2019 614 2081 et
623 2011 757 2103 privata
770 2010 918 2103 quadam
943 2009 1121 2104 disciplina
1137 2008 1370 2080 instituebant.

328 2120 372 2192 At
391 2127 456 2195 hoc
475 2127 646 2221 praecipue
658 2129 692 2198 in
705 2127 770 2198 illis
785 2128 994 2223 temporibus
1010 2126 1198 2198 notandum
1209 2135 1259 2196 est
1273 2134 1375 2218 atque

327 2242 680 2334 animadvertendum,
704 2246 954 2339 philosophiam
974 2254 1055 2316 tunc
1074 2245 1247 2316 scientiam
1271 2243 1375 2313 luisse

326 2379 407 2428 vere
426 2382 589 2451 graecam,
605 2383 718 2453 graece
741 2363 976 2434 tantummodo
995 2363 1167 2454 scriptam,
1183 2360 1374 2451 graecisque

326 2475 474 2546 verbisa
494 2478 616 2567 graecis
629 2478 801 2570 magistris
816 2478 987 2549 traditam.
1003 2479 1084 2547 Erat
1096 2480 1188 2549 onim
1204 2477 1302 2569 quasi
1316 2497 1373 2546 ars

326 2591 505 2682 peregrina
519 2594 773 2687 adventitiaque
787 2592 954 2679 doctrina,
970 2614 1049 2684 quae
1067 2615 1088 2663 a
1106 2592 1277 2686 plerisque
1291 2613 1371 2661 oon-

327 2712 456 2798 tempta
468 2709 600 2801 aliquos
616 2710 661 2780 ad
679 2731 714 2779 se
732 2709 897 2801 rapiebat,
923 2707 996 2779 sive
1010 2708 1092 2799 quia
1108 2709 1264 2801 placebat
1281 2708 1372 2779 otio-

328 2819 388 2906 sis,
406 2823 478 2893 sive
490 2825 581 2916 quod
600 2846 669 2895 non
694 2824 821 2894 inutilis
840 2823 1020 2895 videbatur
1038 2826 1147 2895 acutis
1165 2825 1371 2919 quibusdam

327 2943 359 3004 et
375 2935 571 3028 ingeniosis.
593 2939 724 3032 ltaque,
738 2939 797 3030 qui
810 2938 959 3008 maxime
972 2939 1047 3030 ejus
1063 2962 1180 3012 amore
1189 2940 1367 3029 ardebant,

327 3048 480 3125 Athenas
498 3063 558 3126 aut
570 3054 730 3126 Rhodum
752 3077 788 3126 se
810 3056 961 3126 oonserre
990 3057 1156 3145 solebant,
1183 3055 1370 3152 pulcherri-

327 3189 423 3238 mum
441 3171 537 3241 illum
550 3172 715 3243 doctrinae
731 3173 877 3242 fructum
895 3172 930 3242 in
947 3171 1021 3266 ipso
1037 3176 1109 3246 solo
1129 3174 1300 3245 uberrimo
1314 3171 1371 3241 de·

327 3288 487 3378 cerpturi.

376 3403 461 3473 Tum
490 3403 626 3475 demum
648 3404 695 3476 M.
726 3403 870 3493 Tullius,
896 3405 1068 3475 maximus
1088 3425 1239 3477 romanae
1259 3403 1370 3474 laudis

326 3517 562 3610 amplificator,
581 3520 761 3590 consilium
773 3519 846 3589 iniit
858 3520 1106 3615 philosophiam
1125 3520 1238 3591 latinis
1251 3520 1370 3590 litteris

325 3631 529 3704 illustrandi.
544 3635 663 3727 Neque
678 3639 789 3707 solnm
803 3637 847 3707 ad
865 3637 901 3708 id
925 3660 999 3708 sese
1018 3638 1213 3708 accinxerat
1232 3647 1269 3708 ut
1289 3638 1368 3708 doc·

325 3749 449 3819 trinam
461 3773 480 3820 e
492 3773 606 3842 graeco
620 3753 655 3821 in
666 3754 808 3823 latinum
823 3763 982 3842 verteret,
997 3765 1058 3825 aut
1075 3778 1128 3826 res
1141 3755 1274 3826 abditas
1288 3763 1322 3824 et
1333 3752 1369 3823 in

325 3867 459 3956 angulis
477 3868 716 3959 magistrorum
737 3870 929 3940 reconditas
948 3873 1074 3964 populo
1094 3871 1284 3956 exhiberet,
1309 3871 1369 3941 sed

325 3982 498 4076 praecipua
516 3985 563 4054 illi
578 4007 659 4054 cura
679 3986 754 4072 fuit,
773 3994 810 4054 nt
823 3985 1020 4056 Graecorum
1042 3987 1183 4058 inventa
1202 3987 1369 4058 Romano·

325 4119 401 4167 rum
420 4099 569 4191 ingenio,
589 4102 752 4187 moribus,
769 4101 943 4189 institutis,
956 4103 1160 4194 eloquentiae
1179 4124 1366 4173 accommo-

324 4215 432 4305 daret,
455 4219 670 4312 studiumque
687 4228 799 4290 ortum
814 4218 950 4290 aliunde
967 4221 1002 4290 in
1014 4220 1185 4292 civitatem
1204 4218 1366 4292 adscisce·

363 4452 367 4478 ¹
388 4456 452 4507 vide
467 4458 605 4520 presertim
617 4461 808 4530 Turnonem,
822 4461 839 4511 t.
853 4463 900 4522 111,
916 4473 938 4511 c.
950 4459 977 4510 5.
