3158 5158
648 755 851 842 INDEX.

231 1172 253 1218 1.
272 1169 430 1220 Pnooanrnn.
442 1193 478 1204 —
491 1167 557 1227 Quid
572 1167 598 1216 in
610 1169 659 1216 boo
674 1166 739 1217 libro
753 1177 864 1228 quarere
882 1164 1073 1216 instituerimus.
1089 1189 1124 1200 —
1137 1165 1175 1214 De
1187 1164 1270 1214 studio

355 1257 485 1319 sapientia
498 1256 563 1318 apud
575 1258 714 1316 Romanos,
724 1255 782 1306 vivo
795 1254 933 1312 Cicerone;
945 1254 1005 1317 quid
1018 1254 1134 1304 ciceroni
1146 1253 1272 1304 debuerit.

354 1371 389 1382 -
398 1349 538 1407 Quantum,
552 1345 678 1407 atquibus
693 1345 833 1408 decausis,
845 1343 967 1394 exstineto
979 1343 1117 1402 cicerone,
1128 1341 1272 1405 proiecerit.

355 1435 490 1484 -Latina
514 1433 709 1496 philosophandi
730 1432 814 1483 ratio:
836 1431 963 1494 quomodo
992 1431 1099 1480 Romani
1125 1432 1269 1480 Graecorum

355 1522 495 1573 doctrinam
508 1522 596 1572 sectati
608 1522 668 1572 sint.

232 1611 263 1674 li.
308 1611 356 1660 ·De
370 1611 474 1661 Horatio
491 1611 579 1661 Flacco
591 1610 732 1672 ceterisque
744 1609 825 1670 poetis
836 1608 879 1670 qui
890 1644 896 1667 ,
909 1608 1064 1670 temporibus
1077 1608 1199 1670 Augusti,
1214 1608 1272 1668 pbi-

356 1699 495 1760 losopbiam
506 1699 621 1749 versibus
631 1699 778 1760 attigerunt.
790 1697 956 1756 —Quadam
968 1695 1106 1758 eblanilio,
1117 1697 1149 1748 A.
1160 1697 1271 1755 Tibullo,

354 1787 457 1851 ovidio,
469 1800 498 1838 ae
510 1787 616 1849 Virgilio
628 1791 752 1849 excerpta.

231 1875 277 1925 ill.
315 1877 353 1925 De
363 1876 514 1938 quibusdam
525 1876 655 1938 sapientia
664 1874 858 1933 studiosissiris,
870 1874 937 1924 inter
946 1885 1008 1934 quos
1021 1873 1137 1922 eminent
1146 1874 1274 1934 Augustus

355 1965 451 2024 Cesar,
466 1964 558 2024 Pollio,
570 1965 601 2014 T.
622 1963 717 2016 Liuius.
730 1965 812 2013 -De
826 1962 989 2024 scriptoribus
1011 1974 1096 2012 rerum
1114 1961 1273 2023 pbilosophi-

354 2064 450 2112 earum,
464 2057 517 2102 lum
528 2053 623 2112 latinis,
637 2055 690 2102 lum
703 2052 798 2115 graecis,
813 2064 920 2114 qaorum
933 2063 1008 2112 opera
1024 2050 1208 2100 desiderentur.

230 2141 276 2190 IV.
323 2139 402 2190 Multa
412 2139 539 2202 sapienter
551 2144 577 2190 et
588 2139 760 2202 philosophico
772 2152 842 2189 more
857 2139 923 2188 diota
937 2139 964 2188 in
977 2137 1162 2188 controversiis
1171 2151 1199 2187 ae
1210 2138 1274 2188 Sua·

354 2228 427 2278 soriis
438 2229 578 2278 Rhetorum
592 2241 732 2278 occurrere.

227 2316 260 2365 V.
315 2317 353 2364 De
365 2315 530 2365 Athenodoro
545 2317 570 2366 et
581 2318 657 2375 Areo,
669 2316 775 2378 aliisque
788 2314 943 2377 pbilosophis
957 2315 1000 2376 qui
1013 2313 1164 2376 sapientiam
1177 2327 1230 2364 nou
1245 2314 1271 2362 in

353 2404 444 2454 sobolis
454 2405 499 2454 sed
509 2406 535 2454 ia
546 2404 713 2455 contubernio
723 2404 878 2466 privatorum
889 2403 1024 2454 docebant.

231 2493 275 2540 Vl.
321 2493 360 2542 De
374 2493 529 2555 pbilosophis
544 2494 587 2556 qul
603 2494 753 2556 sapientiam
770 2493 797 2542 in
816 2492 907 2543 sobolis
925 2492 1014 2542 ducere
1033 2490 1226 2554 profitebantur.
1237 2513 1273 2526 -··

356 2580 455 2630 Sextius
464 2586 579 2642 uterque.
590 2581 670 2632 Solio.
685 2581 919 2654 Attalusl³apirius
929 2580 1065 2630 Fabianus.
1078 2580 1157 2628 —De
1170 2591 1273 2628 romana

357 2674 424 2718 serta
436 2674 461 2718 el
469 2669 545 2720 latine
557 2669 706 2720 ducentibus
716 2669 850 2732 magistris.
866 2697 895 2705 -
906 2671 987 2728 Quam
1000 2681 1103 2718 aroensa
1116 2667 1209 2717 inerint
1220 2667 1273 2716 dis-

356 2755 496 2816 cipulorum
510 2756 535 2806 in
549 2757 734 2820 philosophiam
745 2757 826 2806 studia
837 2771 844 2811 ς
859 2761 952 2818 quanta
964 2756 1029 2806 lama
1040 2747 1225 2818 magistrorum.

232 2845 289 2892 Vll.
323 2846 384 2903 Qua
399 2851 494 2908 essent,
514 2847 541 2894 in
556 2847 762 2909 pbilosophorum
777 2847 879 2909 sobolis,
894 2859 981 2896 eurum
995 2847 1131 2906 prasertim
1141 2845 1184 2906 qui
1197 2844 1274 2894 latine

355 2932 490 2990 docebant,
515 2935 619 2983 materia
643 2947 672 2984 ae
691 2935 754 2984 ratio
775 2934 920 2995 disputandi
940 2937 965 2982 et
983 2932 1134 2982 disserendi.
1148 2933 1274 2990 -Quem

356 3021 434 3070 linem
455 3020 566 3082 magistri
585 3021 634 3072 sibi
654 3023 812 3082 potissimum
832 3025 1014 3082 proponerent.
1028 3046 1062 3054 —
1077 3019 1143 3079 Quid
1165 3019 1274 3080 pbiloso-

269 3149 274 3158 ,
358 3109 466 3170 phorum
481 3109 561 3159 orello
574 3123 603 3160 er
618 3110 745 3158 rhetorum
754 3107 980 3158 declamationibus
995 3107 1106 3158 traxerit.
1119 3109 1201 3156 -De
1211 3109 1275 3157 Pro-

353 3199 507 3248 fioieatibus.
522 3223 555 3234 -
571 3199 608 3248 De
618 3197 748 3248 auditoriis
762 3199 978 3260 pbilosophorum.
1039 3187 1041 3192 ’

231 3287 304 3336 vm.
325 3288 363 3336 De
374 3285 540 3336 caiicaesaris
554 3291 580 3334 et
591 3285 689 3335 Claudii
701 3286 851 3347 principatu.
866 3310 902 3321 -
913 3285 1037 3334 Homines
1054 3285 1080 3334 ia
1097 3283 1168 3334 malis
1187 3283 1274 3334 solatia

354 3373 536 3437 apbilusopbia
547 3375 658 3435 petiisse.
673 3375 755 3424 -De
771 3374 897 3424 moriendi
912 3373 1032 3426 libidine.

233 3464 279 3514 lx.
317 3464 354 3513 De
367 3463 465 3512 Annaeo
479 3463 574 3512 Seneca
592 3468 617 3513 et
630 3463 662 3512 A.
677 3465 766 3514 Persio
781 3464 880 3514 Flacco.
895 3489 930 3498 -
943 3462 1009 3522 Quid
1023 3461 1148 3524 magistris
1160 3461 1211 3510 suis
1229 3440 1275 3510 d'e-

356 3553 469 3617 buerint,
482 3552 543 3615 quid
564 3553 731 3614 temporibus.
745 3579 777 3590 -·
791 3553 858 3613 Quid
878 3553 904 3602 in
919 3552 979 3614 ipsis
994 3552 1124 3614 proprium
1141 3551 1173 3600 sit
1184 3563 1213 3599 ao
1226 3563 1273 3611 pe-

356 3641 458 3692 ouliare.

232 3731 267 3778 X.
322 3730 360 3778 De
381 3729 510 3779 Demetrio
533 3731 620 3791 cynico
638 3740 668 3778 ao
691 3729 913 3780 Musonio-De
933 3729 1088 3778 Metronaote
1102 3731 1127 3777 et
1145 3727 1275 3776 Moderato

357 3817 530 3879 pythagorico.
543 3843 579 3852 -
590 3820 628 3866 De
640 3817 737 3868 Lucilio
751 3817 892 3878 ceterisque
909 3817 1011 3866 Seneca
1028 3816 1124 3876 amieis,
1145 3818 1170 3864 et
1189 3813 1273 3874 pbilo-

357 3907 451 3967 sopbire
463 3906 581 3958 studiosis
591 3905 660 3956 viris.
678 3907 775 3956 —cur
790 3904 921 3968 sapientie
939 3903 1061 3961 studium,
1075 3902 1121 3952 sub
1136 3903 1213 3952 linem
1224 3905 1277 3952 Ne-

357 3995 427 4046 ronis
441 3996 605 4060 principatus,
619 3993 752 4045 concidere
765 3999 791 4045 et
803 3994 926 4056 exstingui
943 3994 1024 4044 visum
1041 3992 1082 4042 sit.
1095 4018 1128 4027 —
1145 3989 1272 4054 Epilogus.

659 4246 727 4284 stills
740 4245 845 4285 laureis.
