3158 5158
759 375 900 429 -86-

315 504 399 600 quid
422 501 643 600 quaerendum
669 509 728 572 aut
752 497 962 592 fugiendum,
992 510 1199 595 quantopere
1221 501 1358 572 animus

314 619 535 704 excolendus,
554 617 636 709 quid
655 615 918 709 praecavendum
939 637 982 686 ne
1001 615 1079 709 quis
1098 617 1133 685 in
1152 617 1251 710 pejus
1268 615 1357 686 inci-

315 737 419 824 deret,
434 757 513 828 quae
526 732 765 824 languentibus
785 730 931 804 remedia
948 731 1154 818 adhibenda,
1179 732 1358 804 indicaba-

281 859 284 864 '
316 861 370 925 tur
385 851 408 919 ¹.
425 850 476 924 Ne
494 851 613 939 multa,
635 847 718 918 nibil
737 869 805 918 non
820 847 1049 941 perspexisse,
1075 848 1157 918 nibil
1173 870 1241 918 non
1258 849 1292 918 in
1307 849 1359 920 in·

315 965 406 1038 timis
422 966 563 1040 humani
582 965 686 1038 animi
707 963 895 1035 recessibus
917 963 1115 1058 pernovisse
1139 964 1187 1033 illi
1203 963 1357 1054 magistri

316 1083 488 1168 videntur,
510 1081 594 1151 nihil
615 1102 684 1152 non
700 1079 912 1172 excogitasse
930 1088 969 1149 ut
989 1079 1190 1172 prodessent
1210 1079 1358 1150 bomini-

296 1199 380 1272 bus
397 1199 422 1267 ².
442 1199 516 1282 Quo
534 1195 637 1268 modo
659 1217 700 1268 ea
723 1217 802 1289 pars
821 1197 865 1266 ab
882 1196 931 1266 eis
947 1196 1195 1282 absolveretur,
1215 1196 1296 1267 satis
1314 1217 1359 1268 ex

193 1391 198 1402 ,
316 1313 477 1408 operibus
495 1314 632 1384 Senecae
648 1318 752 1404 patet.
767 1305 978 1380 Admonitio
995 1311 1182 1382 vocabatur
1196 1311 1221 1378 ³.

138 1393 299 1546 ῗιῖῗέζοέἶξέῴῗ
364 1429 529 1522 Denique,
546 1449 586 1498 ea
600 1423 701 1498 etiarn
714 1427 839 1498 virtute
859 1426 1043 1518 pollebant,
1057 1447 1133 1500 =non
1152 1447 1221 1516 qua
1244 1425 1355 1497 rebe-

148 1506 285 1610 ⁸l¹e¹5issio¹f⁵
316 1555 446 1617 mentes
465 1544 512 1614 illi
525 1553 559 1616 et
573 1565 712 1636 graves,
733 1551 771 1612 ut
781 1543 853 1632 jam
866 1541 994 1613 dictum
1008 1551 1070 1629 est,
1088 1541 1296 1612 concitantur
1310 1544 1359 1613 al-

315 1661 436 1747 feetuS,
459 1658 520 1732 sed
540 1681 620 1753 quae
640 1659 704 1731 hos
720 1659 819 1729 mites
837 1667 870 1728 et
883 1659 978 1730 lenes
993 1667 1120 1745 movet,
1146 1679 1232 1751 quos
1246 1679 1361 1730 mores

314 1783 451 1846 vocant.
464 1775 557 1846 Nam·
566 1797 643 1846 uum
656 1774 763 1846 oratio
771 1797 829 1867 per
846 1783 1015 1868 praecepta
1030 1795 1151 1867 parurn
1168 1773 1357 1866 proficeret,

314 1913 375 1962 neo
394 1891 475 1961 satis
496 1891 624 1962 valeret
650 1887 860 1976 admonitio,
887 1899 960 1960 tum
974 1891 1156 1962 utebantur
1172 1894 1356 1979 suasione,

255 2041 258 2050 ·
314 2014 373 2076 aut
384 2007 411 2076 si
423 2027 477 2075 res
491 2007 687 2099 postularet,
707 2002 951 2074 consolatione
965 2005 991 2072 ⁴.
1007 2005 1313 2094 Tuneillislenior,
1327 2015 1361 2078 et
1376 2055 1377 2060 ,

314 2123 412 2214 quasi
424 2121 598 2192 familiaris
609 2141 738 2211 sermo;
751 2131 832 2190 tunc
844 2141 912 2191 non
922 2121 1122 2212 magistrum
1138 2122 1360 2216 philosophus

315 2237 377 2312 sed
393 2238 539 2334 amioum
567 2238 719 2329 gerebat,
753 2245 787 2308 et
816 2237 943 2307 blande
975 2237 1009 2306 in
1041 2238 1172 2308 animos
1202 2239 1356 2332 illapsus,

315 2354 554 2426 conscientiam
578 2353 853 2446 perscrutabatur
870 2353 1092 2443 audientium,
1118 2374 1244 2445 eosque
1269 2354 1362 2426 dese

316 2465 481 2560 confiteri,
514 2475 552 2537 ut
579 2488 654 2538 reos
686 2465 855 2538 manifesti
890 2468 1167 2560 comprehensos,
1204 2469 1358 2560 augebat.

316 2584 570 2675 Nonnunquam
595 2583 700 2654 oculis
725 2583 886 2676 lacrymae
912 2584 1226 2674 suboriebantur⁵;.
1241 2599 1358 2676 atque,

284 2745 287 2751 -
318 2706 355 2767 ut
381 2720 477 2783 ,nunc
509 2697 548 2768 fir
576 2700 612 2768 in
641 2700 859 2770 concionibus
883 2700 1006 2788 sacris,
1036 2710 1204 2772 orawrem
1239 2703 1360 2774 vicisse

319 2815 485 2886 audientis
510 2815 609 2886 ssatus
635 2815 860 2909 significabat.

150 2955 252 3002 sutrim
264 2953 291 3000 u
367 2931 416 3004 Eo
430 2932 536 3004 ferme
553 2931 655 3004 modo
678 2932 769 3026 apurl
788 2932 1008 3026 philosophos
1027 2931 1271 3020 disserebatur,
1291 2952 1361 3006 nou
1400 3009 1403 3016 ,

141 3008 301 3056 trudendiselo·

141 3065 237 3118 ruentia
253 3061 301 3116 nti·
319 3069 452 3142 semper
470 3049 588 3122 eodem
600 3077 609 3140 3
621 3071 714 3134 nam,
735 3058 772 3119 ut
783 3049 831 3119 ait
845 3051 984 3131 Seneca,
1002 3059 1081 3120 sunt
1092 3071 1172 3142 quaa
1181 3045 1362 3148 probatio·

160 3115 275 3170 loropbiro

163 3169 281 3278 ciffis
319 3174 594 3257 nem,suntquae
613 3161 1361 3256 admonitionempoetulent,neciuorunire

318 3283 1260 3384 cohortationesconcionamquefacesadbibebant,nec
1269 3290 1361 3382 apud

357 3531 363 3559 ¹
376 3533 458 3602 Epist.
472 3547 530 3584 axv.
542 3533 589 3584 Hle
607 3533 702 3586 Seneca
715 3533 830 3585 edisserit
841 3535 873 3586 de
888 3547 934 3585 usu
944 3537 970 3586 et
983 3537 1075 3588 virtute
1087 3541 1279 3602 preceptorum,
1291 3547 1360 3602 quo·-

320 3631 396 3681 modo
413 3630 570 3698 adhibenda,
586 3631 646 3695 quid
665 3631 731 3684 inter
751 3633 804 3682 bac
822 3638 847 3683 et
863 3633 963 3684 decreta
984 3635 1094 3686 intersit.
1114 3661 1148 3674 -
1166 3637 1272 3688 Necnon
1292 3637 1359 3700 legas

320 3731 369 3792 Ep.
382 3747 448 3780 xciv.

356 3835 365 3864 ²
381 3832 453 3888 ibid.

357 3939 366 3970 ³
387 3959 400 3990 a
415 3944 600 3997 Admonitiofit
611 3959 657 4007 per
675 3950 799 4008 precepta
812 3947 838 3996 at
850 3943 971 4008 exempla.
990 3943 1077 4009 nOEp.
1092 3942 1162 4010 xcv.)

356 4037 367 4070 ⁴
384 4045 432 4104 Ep.
443 4055 509 4102 xciv,
523 4041 812 4096 xnv.-«Nlbtlornlnus
824 4041 1089 4097 intervenlebatdulce
1101 4043 1163 4096 illud
1174 4047 1198 4096 et
1208 4042 1262 4096 loco
1274 4043 1358 4096 lene.»

321 4146 368 4215 (De
382 4147 489 4214 Lucilio,
508 4163 548 4213 ep.
561 4149 661 4216 xnvnr.)

358 4251 367 4281 ⁵
386 4271 402 4302 ι
416 4259 516 4309 Movent
533 4257 576 4307 ille
594 4256 773 4322 (Marcellinus)
788 4259 849 4310 mibi
872 4260 972 4312 risum:
995 4259 1155 4322 egolortasse
1177 4259 1214 4312 illi
1238 4259 1356 4322 lacrymas

323 4355 438 4404 movebo.
461 4371 475 4403 rt
494 4357 542 4418 Ep.
556 4375 627 4408 xxix.
