3168 5150
638 537 782 592 ..13-

189 654 349 749 pientiam
368 678 473 749 quam
490 678 581 750 quac,
608 667 646 729 ut
666 659 802 752 dicitur,
817 683 861 732 ex
887 683 989 734 sensu
1007 665 1177 736 communi
1199 674 1232 736 et

188 773 308 867 probae
321 783 454 846 naturae
478 773 591 847 indole
612 777 697 848 solet
722 775 902 871 proficisci,
927 801 1037 873 neque
1057 779 1233 872 diligenter

190 890 354 962 doctrinae
378 901 594 964 monumenta
625 896 899 986 pertractavisse,
931 892 1043 989 neque
1068 898 1149 968 satis
1172 921 1231 969 cu·

188 1026 282 1076 rasse
292 1006 374 1099 quid
388 1006 511 1096 sectius
528 1029 569 1078 ac
586 1009 700 1080 verius
714 1011 758 1080 ab
774 1031 980 1103 unoquoque
991 1011 1232 1102 magistrorum

189 1121 367 1212 diceretur,
388 1123 450 1194 sed
467 1145 512 1194 ex
524 1145 642 1196 eorum
658 1125 819 1220 operibus
837 1127 951 1218 aliqua
974 1126 1126 1219 vulgaris
1139 1135 1231 1200 notae

189 1244 222 1306 et
240 1261 325 1308 usus
348 1238 535 1332 quotidiani
552 1249 721 1333 praecepta
742 1240 929 1333 sumpsisse
950 1267 958 1308 ε
983 1241 1043 1332 qui
1059 1263 1154 1312 error
1182 1252 1234 1312 est

189 1354 296 1426 multo
315 1356 552 1446 gravissimus.
578 1356 665 1426 Nam
690 1378 796 1452 prope
814 1365 865 1428 est
886 1366 925 1427 ut
947 1356 1151 1428 contendere
1171 1378 1233 1426 au·

190 1471 289 1544 deam
307 1473 461 1545 Flaccum
492 1495 562 1544 non
584 1474 697 1545 minus
723 1495 827 1568 quam
846 1475 1040 1546 Ciceronem
1060 1475 1095 1543 in
1121 1473 1238 1546 studio·

189 1588 352 1660 doctrinae
364 1602 551 1681 versatum,
574 1608 718 1682 eamque
734 1591 872 1663 omnino
891 1600 1100 1684 perspectam
1117 1611 1157 1661 ac
1178 1612 1234 1662 co·

189 1705 318 1794 gnitam
348 1706 515 1794 tenuisse;
551 1727 747 1798 quanquam
771 1729 816 1778 ex
841 1706 1016 1778 incondita
1039 1707 1096 1778 illa
1118 1727 1234 1778 rerum

190 1825 289 1915 mole,
311 1825 458 1896 habilem
477 1823 542 1894 sibi
555 1823 951 1918 comparauitetaptauit
966 1822 1154 1894 scientiam.
1166 1825 1233 1894 Ne·

190 1940 314 2012 minem
345 1943 428 2013 fallit
451 1940 625 2012 Horatium
656 1943 699 2013 de
727 1951 800 2013 arte
818 1941 957 2012 vivendi
976 1950 1108 2011 tantum
1127 1941 1232 2013 disse·

189 2056 308 2145 ruisse,
326 2065 437 2128 cetera
450 2078 533 2128 vero
551 2056 707 2128 omisisse
723 2080 802 2149 quae
814 2079 935 2149 parum
945 2057 1123 2128 commode
1137 2080 1233 2150 quae·

190 2178 324 2257 runtur,
346 2151 404 2240 aut
421 2170 638 2262 disputantur
655 2171 825 2256 subtilius,
842 2179 875 2240 et
895 2193 977 2266 quta
991 2183 1156 2240 tractata
1174 2175 1235 2240 ni-

190 2294 320 2354 tescere
334 2307 439 2380 posse
460 2284 701 2378 desperaverit.
724 2286 814 2354 lntcr
831 2284 906 2354 illas
926 2285 1011 2355 duas
1034 2285 1235 2356 florentissi-

190 2421 277 2488 mas,
297 2400 540 2494 Epicureorum
556 2423 596 2472 ac
613 2399 814 2489 Stoicorum,
840 2411 960 2487 sectas,
982 2401 1081 2493 quasi
1100 2402 1234 2473 medius

190 2535 267 2612 stat,
282 2546 395 2619 nequa
411 2525 456 2595 ad
470 2545 603 2596 omnem
629 2525 841 2596 hortulorum
864 2525 1039 2596 luxuriam
1058 2525 1231 2614 dilabitur,

189 2661 300 2734 neque
315 2641 476 2713 severiori
493 2641 628 2712 virtutis
647 2640 833 2736 disciplinae
846 2662 910 2735 par
930 2650 994 2712 est.
1013 2641 1159 2725 Quando
1172 2663 1234 2711 ra-

190 2756 271 2828 tioni
296 2757 513 2849 ingenitaque
537 2756 670 2828 uirtutis
697 2756 805 2828 amori
832 2755 1058 2848 obtemperat,
1091 2755 1236 2825 Zenonis

190 2873 254 2942 sub
273 2873 378 2964 signis
392 2873 450 2944 dat
468 2893 606 2962 nomen,
625 2894 666 2943 eo
685 2880 799 2942 tamen
818 2873 934 2943 animo
954 2891 1023 2964 quo
1042 2871 1235 2962 parmulam

189 2990 284 3077 olim,
300 2991 404 3060 Bruto
422 2989 521 3078 duce,
543 2990 666 3079 abjecit
681 2989 705 3056 ¹.
724 2989 789 3058 Sed
803 2988 947 3058 libenter
962 2973 1165 3056 crediderim
1184 3007 1236 3056 se·

188 3115 381 3177 noscentem
400 3115 532 3198 poetam
552 3105 692 3198 propius
716 3126 752 3174 se
770 3103 814 3173 ad
837 3104 960 3174 stoicos
988 3099 1183 3171 admouisse
1205 3103 1231 3170 ².

191 3222 299 3310 Certe,
316 3223 350 3292 in
364 3220 553 3292 exercenda
573 3219 788 3315 philosophia
810 3241 944 3312 semper
966 3216 1108 3289 modum
1128 3217 1235 3286 tenuit

191 3349 224 3410 et
245 3359 480 3431 quaecumque,
511 3337 545 3406 in
567 3337 731 3429 utrisque,
755 3334 877 3406 rationi
899 3345 932 3404 et
955 3341 1087 3402 naturae
1111 3351 1234 3423 parum

191 3467 288 3529 erant
306 3469 531 3530 consentanea
555 3456 757 3550 repudiavit.
784 3455 906 3546 Igitur,
931 3452 996 3525 hoc
1015 3454 1087 3542 J'am
1111 3450 1236 3522 habeat

190 3574 365 3667 proprium
387 3585 421 3646 et
435 3573 617 3669 peculiare,
641 3595 719 3643 cunr
743 3572 939 3643 Graecorum
964 3569 1153 3640 doctrinam
1180 3589 1236 3638 se-

193 3699 364 3781 queretur,
395 3690 548 3782 elegisse,
572 3699 607 3759 et
624 3687 752 3780 judicio
774 3687 981 3778 arbitrioque
995 3708 1070 3772 suo,
1094 3681 1236 3776 perinde

193 3827 233 3877 ac
245 3807 292 3880 M.
314 3807 455 3894 Tullius,
476 3807 620 3876 aliorum
633 3805 771 3876 inventa
791 3803 959 3875 imitatum
977 3804 1092 3875 luisse.

241 3920 285 3993 At
302 3923 407 4010 enim,
426 3943 631 4014 quamsaepe
645 3921 767 3993 stoicos
781 3919 933 3992 lacessiti
948 3962 994 3971 —
1009 3921 1146 3996 Deridet
1162 3925 1236 4016 qui-

193 4038 272 4110 dem
291 4041 472 4112 stoicorum
484 4040 629 4110 barbam
642 4049 674 4108 et
693 4037 856 4124 illuviem,
877 4045 936 4106 aut
950 4037 1142 4129 aliquorum
1158 4060 1235 4110 mc-

193 4177 248 4227 res
258 4153 553 4250 parumsapientia
565 4153 938 4246 dignos,autquaedam
947 4150 1235 4248 παραδοξότατα

232 4388 236 4414 ¹
253 4393 286 4441 v.
299 4391 380 4454 Epist.
396 4409 414 4442 1.
432 4401 519 4440 versus
530 4387 683 4440 notissimos.

230 4495 238 4523 ²
259 4493 329 4549 ibid.
