3158 5158
810 432 968 488 -tto-

371 585 390 628 u
405 555 692 651 nujuspraeseulia
703 556 814 651 mags
825 554 945 629 idonea
959 552 1412 630 fueritadlevandamtristi·

371 697 390 744 tt
411 673 507 760 tiam,
523 673 578 748 rel
592 670 786 764 augendum
803 671 978 764 gaudium,
1001 671 1058 743 vel
1077 671 1303 744 calamitatem
1323 673 1412 744 miti·

371 814 391 860 »
407 779 623 882 gaudaml...
638 788 757 880 Neque
769 796 866 882 pater
881 798 940 858 aut
956 798 1064 858 mater
1082 787 1231 880 prudens
1243 788 1320 880 plus
1338 810 1375 860 se
1392 809 1414 858 a

371 904 519 976 »liberis
548 903 641 996 diligi
670 903 846 996 requirunt
871 925 975 997 quem
1001 902 1164 994 conjuges
1188 903 1414 995 quibuscum

370 1021 503 1115 »nupti
522 1028 615 1090 suut.
635 1019 892 1103 Quinetiamex
905 1019 1047 1090 historia
1060 1027 1152 1114 patet
1165 1029 1294 1112 quanto
1305 1019 1415 1110 major

371 1161 388 1206 u
407 1137 452 1210 sit
469 1136 588 1208 uxoris
606 1133 815 1208 inmeritum
833 1157 931 1207 amor
953 1157 1057 1228 quam
1076 1145 1256 1229 parentum
1271 1157 1353 1226 erga
1373 1135 1414 1204 li·

371 1277 388 1323 u
405 1253 569 1326 beros...
590 1252 694 1322 Erras
707 1273 802 1344 ergo,
821 1273 842 1322 o
857 1252 1007 1342 juvenis,
1028 1274 1134 1346 quum
1157 1250 1242 1324 dieis
1259 1251 1415 1346 pbiloso-

372 1396 389 1434 ι)
405 1367 512 1462 phum
525 1389 547 1438 a
558 1366 866 1461 nuptiisimpediri¹
879 1368 892 1438 i
905 1397 923 1432 »
939 1408 987 1422 -
1001 1367 1040 1438 ln
1053 1388 1160 1438 uxore
1171 1389 1239 1439 uon
1254 1368 1412 1455 formam,

368 1505 480 1578 neque
491 1482 670 1578 pecuniam
688 1483 924 1576 quaerendam,
941 1483 1000 1556 sed
1019 1483 1312 1578 eorporisfirmam
1326 1484 1416 1555 vale·

369 1600 522 1672 tudinem
539 1609 572 1671 et
591 1621 693 1671 veras
715 1600 819 1670 animi
839 1601 995 1672 virtutes.
1014 1599 1248 1671 Aretissimam
1271 1622 1349 1672 eum
1372 1621 1416 1671 ea

368 1738 445 1788 esso
457 1716 642 1788 amicitiam
656 1724 690 1786 et
707 1717 900 1788 societatem
916 1725 1083 1810 oportere,
1102 1717 1198 1788 haud
1215 1716 1313 1788 aliter
1326 1737 1366 1786 ae
1386 1715 1415 1786 si

368 1853 439 1905 uuo
460 1854 602 1926 corpore
628 1852 764 1924 unaque
790 1841 904 1904 mente
922 1842 1065 1925 uterque
1082 1842 1262 1904 constaret.
1291 1833 1414 1904 «Nam

373 1975 390 2012 a
408 1949 494 2043 quid
505 1947 676 2040 indignius
691 1969 795 2042 quam
817 1970 896 2018 oum
919 1969 1044 2042 eorpus
1063 1948 1200 2040 quidem
1229 1948 1414 2020 coutuber-

372 2065 595 2153 ementitur,
612 2086 711 2138 mens
727 2086 811 2138 vero
825 2063 907 2136 foris
926 2063 1104 2135 habitat2?
1120 2091 1137 2134 u
1164 2105 1207 2118 -
1222 2064 1413 2159 Quamplu-

369 2182 475 2256 rimus
490 2182 684 2258 educendos
697 2203 772 2254 esse
783 2190 818 2252 et
831 2181 1055 2254 instituendos
1073 2181 1198 2252 liberos
1217 2181 1361 2270 dioebat,
1380 2189 1414 2250 et

368 2297 404 2366 iu
422 2299 512 2369 istud
530 2305 667 2391 patrum
690 2317 800 2388 genus
823 2295 1047 2368 invehebatur
1069 2298 1128 2388 qui
1147 2297 1331 2370 liberorum
1351 2317 1413 2368 uo·

368 2412 526 2484 vissimos
542 2422 602 2484 aut
614 2412 845 2506 exponebant,
862 2420 921 2482 aut
935 2411 1124 2501 eaedebnnt‚
1141 2435 1209 2504 quo
1226 2423 1413 2486 ceterorum

370 2549 426 2602 res
443 2529 572 2601 auctior
595 2529 691 2600 soret.
711 2527 905 2600 «Nonnulli
923 2528 1090 2616 homines,
1115 2529 1208 2623 quod
1223 2529 1306 2600 mihi
1331 2550 1410 2620 gra·

374 2674 392 2708 »
410 2646 588 2718 vissimum
599 2667 674 2718 esse
686 2644 835 2731 videtur,
846 2643 1298 2717 audeutliberosuovissime
1314 2654 1412 2716 natos

371 2789 390 2826 »
410 2781 479 2832 uon
497 2762 643 2832 educare
666 2769 704 2830 ut
721 2760 781 2853 qui
798 2761 892 2854 prius
909 2761 980 2832 nati
996 2770 1074 2832 suut
1094 2761 1232 2832 ditiores
1246 2761 1341 2832 liant.
1363 2762 1412 2832 lta

369 2899 470 2970 »per
491 2877 588 2948 melas
617 2885 651 2947 et
674 2875 768 2948 caede
788 2877 932 2949 fratrum
951 2900 1033 2971 opes
1055 2877 1125 2948 suis
1143 2878 1257 2950 liberis
1276 2886 1411 2971 parant,

370 3017 389 3064 u
407 2991 589 3064 oooideudo
607 2992 729 3062 iratres
747 3000 784 3061 ut
802 2992 904 3063 ceteri
923 2992 1163 3085 patrimonium
1183 2992 1328 3087 amplius
1353 2992 1414 3063 ba·

371 3137 391 3178 u
407 3110 526 3182 beant.
536 3109 598 3180 Nae
614 3108 662 3178 illi
677 3128 746 3178 uou
757 3108 947 3199 intelligunt
964 3115 1090 3200 quanto
1102 3109 1146 3178 sit
1162 3109 1273 3202 potius
1290 3108 1414 3180 multos

371 3251 389 3295 u
411 3225 537 3296 babere
557 3226 678 3296 fratres
697 3244 801 3316 quam
819 3224 943 3295 multas
971 3220 1212 3316 pecuniosi...
1237 3223 1309 3315 Ego
1329 3246 1412 3296 sane

371 3365 391 3410 u
412 3339 641 3412 felicissimum
662 3360 736 3409 esse
757 3338 873 3429 judico
895 3338 991 3409 illum
1010 3340 1117 3432 quiin
1141 3362 1265 3432 magno
1283 3351 1317 3414 et
1332 3363 1412 3412 eon·

374 3484 393 3520 >2
407 3456 500 3530 eordi
519 3457 661 3527 fratrum
688 3475 829 3526 nurnero
851 3455 957 3528 vitam
980 3454 1085 3549 degit,
1101 3458 1328 3552 eumdemque
1342 3460 1412 3530 Deo

373 3601 393 3638 u
408 3572 646 3644 charissimum
659 3599 683 3640 t.
700 3597 716 3640 u

420 3689 564 3760 Multum
579 3688 625 3759 ad
638 3687 947 3782 philosophandum
970 3689 1133 3760 interesse
1152 3689 1322 3759 contendit
1341 3712 1412 3786 quo

370 3806 450 3902 quis
472 3806 577 3877 victu
594 3811 721 3874 utatur.
744 3802 820 3886 Qua
839 3803 882 3874 de
895 3825 932 3874 re
945 3825 1022 3874 eum
1043 3827 1131 3897 sepe
1151 3803 1342 3892 dissereret,
1361 3804 1410 3875 ita

371 3921 558 3994 censebat:
577 3919 742 4008 Primum,
768 3926 868 3990 terrae
892 3919 1048 4012 frugibus
1070 3920 1161 3992 vesei
1180 3930 1355 4014 oportere,
1378 3929 1414 3992 et

409 4123 415 4150 ¹
434 4126 520 4178 Serm.
531 4143 590 4176 exv.

407 4218 417 4248 ²
435 4221 517 4273 Serm.
533 4239 621 4272 urm.

407 4316 417 4346 ³
431 4319 514 4369 serm.
528 4335 606 4368 mm
616 4321 642 4368 et
652 4335 747 4367 mm.
756 4340 790 4351 -
802 4315 900 4366 Eodem
912 4326 989 4366 seusu
1001 4313 1090 4366 Sotlon
1101 4329 1108 4365 ε
1118 4309 1260 4384 φιλάδελφον
1272 4312 1312 4370 καὶ
1321 4315 1412 4370 πίνηται

373 4405 482 4474 λέγεσθαι
494 4405 608 4475 κρεῖσσον,
623 4403 639 4459 ἢ
654 4397 800 4472 μισάδελφον
811 4400 851 4454 καὶ
864 4401 984 4454 πλούσιον.
999 4402 1092 4469 (Serm.
1105 4401 1215 4473 mxu.)
