3168 5150
363 571 426 692 lt
451 571 709 693 sttttlttlt
735 574 1039 694 tltttlltts

181 817 262 904 Qut,
280 816 309 886 A
326 820 528 888 CICERONIS
542 822 676 889 MORTE
692 820 744 888 Ab
759 823 925 890 NERONIS
940 821 1221 911 PRINCIPATUM,

575 1029 667 1078 ROMAE
683 1029 822 1076 viduant.

698 1493 712 1559 l

542 1701 863 1776 PROOEMIUM.

180 1891 243 1955 Quid
258 1894 285 1944 iu
299 1893 346 1942 hoo
357 1891 421 1942 libro
436 1907 549 1957 quaerere
562 1894 784 1946 instituerimus.-
799 1895 833 1942 De
848 1893 929 1946 studio
946 1894 1076 1958 sapientiae
1092 1892 1160 1958 apud
1175 1893 1228 1943 llo-

210 1988 309 2035 manos,
324 1973 381 2023 vivo
394 1973 528 2035 Cicerone,
548 1974 607 2037 quid
623 1975 736 2024 Ciceroni
755 1973 876 2024 debuerit.
894 2001 924 2025 -,-
941 1975 1080 2036 Quantum,
1098 1982 1122 2024 et
1139 1975 1229 2038 quibus

213 2053 244 2101 de
257 2055 338 2104 causis
346 2093 354 2117 ,
367 2054 488 2104 exstincto
503 2055 632 2113 Cicerone,
644 2055 786 2118 profecerit.
798 2082 830 2090 -
842 2055 929 2104 Latina
940 2055 1131 2119 philosophandi
1145 2057 1208 2104 ratio
1222 2073 1228 2103 ε

213 2136 339 2200 quomodo
354 2137 460 2186 Romani
472 2135 616 2186 Graecorum
628 2135 766 2186 doctrinam
778 2137 863 2185 sectati
875 2137 932 2186 sint.

232 2297 345 2380 Quum
363 2305 449 2367 aetas
463 2318 515 2385 ea,
533 2319 612 2388 quae
626 2295 793 2367 Annaeum
810 2298 983 2382 Senecam,
1000 2297 1042 2366 A.
1061 2297 1226 2384 Persium,

183 2435 266 2484 mox
286 2413 487 2505 Epictetum,
508 2413 751 2505 aliquantoque
777 2422 853 2506 post
879 2414 1030 2482 lllarcum
1054 2412 1230 2482 Aurelium

183 2532 272 2618 tulit,
294 2531 375 2601 satis
392 2531 493 2622 longo
511 2551 678 2600 annorum
693 2530 870 2620 interjecto
882 2530 1005 2622 spatio,
1025 2551 1046 2599 a
1062 2529 1231 2600 Ciceronis

183 2647 391 2740 temporibus
404 2647 594 2732 dirimatur,
617 2645 728 2736 placet
747 2667 901 2736 quaerero
920 2643 1028 2738 (quod
1042 2645 1156 2714 minus
1171 2667 1230 2714 ex·

185 2761 360 2853 planatum
380 2768 511 2831 estnec
530 2761 634 2851 vulgo
653 2759 786 2855 notum>
805 2760 901 2852 quid,
923 2760 1009 2830 intra
1026 2760 1109 2831 illud
1131 2781 1230 2852 paene

185 2875 287 2945 unius
306 2876 410 2945 seculi
436 2875 667 2962 intervallum,
692 2877 727 2944 in
746 2875 959 2968 philosophia
980 2885 1052 2944 tum
1076 2873 1230 2978 ellectum

186 2989 241 3076 sit,
275 3011 351 3060 cum
375 2990 458 3059 nibil
492 3013 595 3082 agero
618 2991 772 3062 homines
801 2991 1005 3061 videbantur
1029 3000 1062 3060 et
1097 3011 1230 3059 summa

185 3105 403 3198 quiescebant
416 3107 551 3196 ingenia
567 3107 591 3173 ¹.
613 3107 742 3198 Nempe
754 3106 802 3175 illi
813 3106 877 3197 ipsi
890 3106 1068 3176 clarissimi
1081 3105 1159 3190 viri,
1177 3125 1231 3174 sa-

187 3221 322 3314 pientiae
345 3221 499 3290 doctores
518 3228 551 3289 et
570 3221 750 3306 antistites,
777 3241 864 3312 qnos
887 3228 1017 3312 postea,
1039 3219 1230 3288 felicissimo

135 3326 138 3332 ’
188 3347 367 3428 proventu,
382 3337 488 3406 Roma
506 3335 638 3424 effudit,
659 3335 851 3428 diligentius
870 3343 1125 3428 pernoscantur,
1153 3355 1239 3406 mar

188 3451 408 3544 nilestiusque
432 3450 610 3544 apparebit
642 3461 807 3542 quantum
834 3472 854 3520 a
877 3451 1035 3522 Cicerone
1057 3449 1227 3537 differant,
1328 3485 1329 3488 ¹

187 3565 215 3636 si
228 3567 322 3659 prius
343 3568 494 3660 cognitos
519 3567 740 3637 habuerimus
762 3568 942 3657 magistros
964 3587 1111 3658 quorum
1129 3565 1228 3634 disci-

186 3683 281 3778 plina
299 3693 377 3753 sunt
390 3685 532 3773 eruditi3
558 3681 720 3776 quoniam
747 3685 857 3752 omnis
875 3683 1038 3753 doctrinae
1053 3702 1231 3774 processus

187 3807 350 3894 perpetua
369 3800 517 3892 quadam
537 3801 622 3870 serie
636 3821 676 3870 ac
693 3800 854 3890 junctura
874 3799 959 3870 inter
978 3820 1014 3868 se
1032 3797 1230 3869 continuan-

189 3924 256 4003 tur,
283 3937 347 3986 nec
372 3917 558 4009 quidquam
578 3915 615 3986 fit
634 3915 719 4006 adeo
738 3917 949 4008 repentinum
971 3937 1010 3984 ac
1028 3936 1089 3984 sua
1112 3921 1231 4005 sponte

190 4031 283 4122 quod
296 4053 365 4101 non
381 4033 519 4104 aliunde
530 4032 632 4102 ducat
647 4030 826 4120 originem.

238 4145 389 4215 Primum
410 4156 461 4218 est
487 4158 523 4217 ut
546 4147 663 4241 paucis
685 4155 877 4238 repetamus
907 4145 965 4237 qui
989 4145 1088 4238 primi
1109 4143 1233 4213 fuerint

187 4270 282 4332 ortus
309 4262 486 4354 sapientiae
514 4263 607 4354 apud
631 4263 802 4337 Romanos
831 4291 838 4331 :
865 4282 1061 4353 quanquam
1089 4281 1142 4328 res
1160 4259 1234 4349 ipsa

229 4449 233 4475 ¹
255 4450 357 4501 Occisus
374 4453 412 4500 est
428 4451 464 4501 lli.
477 4449 574 4500 Tullius
589 4464 657 4501 auno
676 4459 735 4504 ante
755 4453 847 4504 Christ.
865 4451 909 4498 tc.
925 4447 1032 4510 vigebat
1053 4447 1149 4495 Seneca
1167 4454 1235 4492 antio

192 4547 256 4604 post.
272 4542 332 4590 Chr.
350 4539 401 4590 lere
416 4539 460 4588 50.

1098 4622 1110 4674 l
