<?xml version="1.0" encoding="UTF-8"?>
<!DOCTYPE html PUBLIC "-//W3C//DTD XHTML 1.0 Transitional//EN"
    "http://www.w3.org/TR/xhtml1/DTD/xhtml1-transitional.dtd">
<html xmlns="http://www.w3.org/1999/xhtml" xml:lang="en" lang="en">
 <head>
  <title>
</title>
<meta http-equiv="Content-Type" content="text/html;charset=utf-8" />
  <meta name='ocr-system' content='tesseract 3.04.00' />
  <meta name='ocr-capabilities' content='ocr_page ocr_carea ocr_par ocr_line ocrx_word'/>
</head>
<body>
  <div class='ocr_page' id='page_1' title='image "./desapientiaedoc00aubegoog_0076.png"; bbox 0 0 3158 5158; ppageno 0'>
   <div class='ocr_carea' id='block_1_1' title="bbox 662 427 802 482">
    <p class='ocr_par' dir='ltr' id='par_1_1' title="bbox 662 427 802 482">
     <span class='ocr_line' id='line_1_1' title="bbox 662 427 802 482; baseline 0.021 -17"><span class='ocrx_word' id='word_1_1' title='bbox 662 427 802 482; x_wconf 76' lang='lat'>...65-</span> 
     </span>
    </p>
   </div>
   <div class='ocr_carea' id='block_1_2' title="bbox 212 549 1351 3762">
    <p class='ocr_par' dir='ltr' id='par_1_2' title="bbox 212 549 1260 1804">
     <span class='ocr_line' id='line_1_2' title="bbox 214 549 1255 646; baseline 0.002 -25"><span class='ocrx_word' id='word_1_2' title='bbox 214 551 502 646; x_wconf 78' lang='lat' dir='ltr'>Pythagoreorum</span> <span class='ocrx_word' id='word_1_3' title='bbox 516 554 630 619; x_wconf 90' lang='lat' dir='ltr'>antem</span> <span class='ocrx_word' id='word_1_4' title='bbox 642 549 771 644; x_wconf 89' lang='lat' dir='ltr'>aliquid</span> <span class='ocrx_word' id='word_1_5' title='bbox 781 549 906 621; x_wconf 90' lang='lat' dir='ltr'>castius</span> <span class='ocrx_word' id='word_1_6' title='bbox 919 551 1146 644; x_wconf 76' lang='lat' dir='ltr'>sanctiusque.</span> <span class='ocrx_word' id='word_1_7' title='bbox 1157 551 1255 624; x_wconf 87' lang='lat' dir='ltr'>Utra-</span> 
     </span>
     <span class='ocr_line' id='line_1_3' title="bbox 212 664 1256 761; baseline 0.001 -23"><span class='ocrx_word' id='word_1_8' title='bbox 212 689 279 760; x_wconf 91' lang='lat' dir='ltr'>que</span> <span class='ocrx_word' id='word_1_9' title='bbox 297 668 423 760; x_wconf 87' lang='lat' dir='ltr'>pariter</span> <span class='ocrx_word' id='word_1_10' title='bbox 441 686 519 736; x_wconf 88' lang='lat' dir='ltr'>cum</span> <span class='ocrx_word' id='word_1_11' title='bbox 542 666 695 736; x_wconf 91' lang='lat' dir='ltr'>moribus</span> <span class='ocrx_word' id='word_1_12' title='bbox 713 667 824 736; x_wconf 87' lang='lat' dir='ltr'>aetatis</span> <span class='ocrx_word' id='word_1_13' title='bbox 842 664 1113 756; x_wconf 84' lang='lat' dir='ltr'>flagitiosissimae</span> <span class='ocrx_word' id='word_1_14' title='bbox 1143 667 1256 761; x_wconf 89' lang='lat' dir='ltr'>digla-</span> 
     </span>
     <span class='ocr_line' id='line_1_4' title="bbox 212 781 1255 874; baseline 0.001 -20"><span class='ocrx_word' id='word_1_15' title='bbox 212 783 381 854; x_wconf 88' lang='lat' dir='ltr'>diabatnr.</span> <span class='ocrx_word' id='word_1_16' title='bbox 409 783 498 852; x_wconf 89' lang='lat' dir='ltr'>Nam</span> <span class='ocrx_word' id='word_1_17' title='bbox 517 783 747 874; x_wconf 88' lang='lat' dir='ltr'>Pythagoreos</span> <span class='ocrx_word' id='word_1_18' title='bbox 771 781 975 852; x_wconf 76' lang='lat' dir='ltr'><strong>recentiores</strong></span> <span class='ocrx_word' id='word_1_19' title='bbox 991 802 1125 852; x_wconf 89' lang='lat' dir='ltr'>morum</span> <span class='ocrx_word' id='word_1_20' title='bbox 1139 806 1255 855; x_wconf 89' lang='lat' dir='ltr'>emen·</span> 
     </span>
     <span class='ocr_line' id='line_1_5' title="bbox 212 897 1254 991; baseline -0.002 -19"><span class='ocrx_word' id='word_1_21' title='bbox 212 900 338 972; x_wconf 90' lang='lat' dir='ltr'>dationi</span> <span class='ocrx_word' id='word_1_22' title='bbox 354 897 524 969; x_wconf 81' lang='lat' dir='ltr'>studuisse</span> <span class='ocrx_word' id='word_1_23' title='bbox 542 920 611 968; x_wconf 89' lang='lat' dir='ltr'>non</span> <span class='ocrx_word' id='word_1_24' title='bbox 630 898 665 968; x_wconf 91' lang='lat' dir='ltr'>in</span> <span class='ocrx_word' id='word_1_25' title='bbox 679 898 820 971; x_wconf 88' lang='lat' dir='ltr'>dubium</span> <span class='ocrx_word' id='word_1_26' title='bbox 833 899 940 985; x_wconf 89' lang='lat' dir='ltr'>venit,</span> <span class='ocrx_word' id='word_1_27' title='bbox 960 899 1098 991; x_wconf 87' lang='lat' dir='ltr'>qnando</span> <span class='ocrx_word' id='word_1_28' title='bbox 1119 900 1254 971; x_wconf 89' lang='lat' dir='ltr'>Sextius</span> 
     </span>
     <span class='ocr_line' id='line_1_6' title="bbox 212 1012 1252 1106; baseline -0.003 -20"><span class='ocrx_word' id='word_1_29' title='bbox 212 1037 303 1087; x_wconf 88' lang='lat' dir='ltr'>nova</span> <span class='ocrx_word' id='word_1_30' title='bbox 327 1012 461 1085; x_wconf 83' lang='lat' dir='ltr'>afferret</span> <span class='ocrx_word' id='word_1_31' title='bbox 485 1023 684 1106; x_wconf 88' lang='lat' dir='ltr'>argumenta</span> <span class='ocrx_word' id='word_1_32' title='bbox 711 1036 771 1084; x_wconf 88' lang='lat' dir='ltr'>cnr</span> <span class='ocrx_word' id='word_1_33' title='bbox 786 1014 987 1084; x_wconf 83' lang='lat' dir='ltr'>animalibus</span> <span class='ocrx_word' id='word_1_34' title='bbox 1004 1013 1252 1086; x_wconf 79' lang='lat' dir='ltr'>abstineretur:</span> 
     </span>
     <span class='ocr_line' id='line_1_7' title="bbox 213 1131 1253 1225; baseline 0.001 -25"><span class='ocrx_word' id='word_1_35' title='bbox 213 1133 353 1225; x_wconf 79' lang='lat' dir='ltr'>quippe,</span> <span class='ocrx_word' id='word_1_36' title='bbox 387 1151 454 1200; x_wconf 91' lang='lat' dir='ltr'>non</span> <span class='ocrx_word' id='word_1_37' title='bbox 479 1140 617 1223; x_wconf 91' lang='lat' dir='ltr'>propter</span> <span class='ocrx_word' id='word_1_38' title='bbox 647 1132 852 1199; x_wconf 84' lang='lat' dir='ltr'>animorum</span> <span class='ocrx_word' id='word_1_39' title='bbox 885 1131 1253 1225; x_wconf 81' lang='lat' dir='ltr'>transmigrationem,</span> 
     </span>
     <span class='ocr_line' id='line_1_8' title="bbox 215 1243 1258 1338; baseline -0.001 -21"><span class='ocrx_word' id='word_1_40' title='bbox 215 1245 313 1317; x_wconf 90' lang='lat' dir='ltr'>sicuti</span> <span class='ocrx_word' id='word_1_41' title='bbox 328 1245 551 1338; x_wconf 83' lang='lat' dir='ltr'>Pythagoras,</span> <span class='ocrx_word' id='word_1_42' title='bbox 573 1244 609 1315; x_wconf 89' lang='lat' dir='ltr'>id</span> <span class='ocrx_word' id='word_1_43' title='bbox 630 1243 704 1315; x_wconf 88' lang='lat' dir='ltr'>lieri</span> <span class='ocrx_word' id='word_1_44' title='bbox 729 1253 885 1336; x_wconf 89' lang='lat' dir='ltr'>oportere</span> <span class='ocrx_word' id='word_1_45' title='bbox 903 1245 1074 1332; x_wconf 86' lang='lat' dir='ltr'>censebat,</span> <span class='ocrx_word' id='word_1_46' title='bbox 1092 1244 1154 1316; x_wconf 88' lang='lat' dir='ltr'>sed</span> <span class='ocrx_word' id='word_1_47' title='bbox 1173 1266 1258 1338; x_wconf 89' lang='lat' dir='ltr'>quo·</span> 
     </span>
     <span class='ocr_line' id='line_1_9' title="bbox 216 1360 1259 1455; baseline 0.001 -24"><span class='ocrx_word' id='word_1_48' title='bbox 216 1362 308 1432; x_wconf 87' lang='lat' dir='ltr'>niam</span> <span class='ocrx_word' id='word_1_49' title='bbox 328 1361 376 1431; x_wconf 92' lang='lat' dir='ltr'>sio</span> <span class='ocrx_word' id='word_1_50' title='bbox 393 1383 516 1455; x_wconf 89' lang='lat' dir='ltr'>corpus</span> <span class='ocrx_word' id='word_1_51' title='bbox 537 1370 630 1432; x_wconf 88' lang='lat' dir='ltr'>caste</span> <span class='ocrx_word' id='word_1_52' title='bbox 644 1361 841 1449; x_wconf 88' lang='lat' dir='ltr'>haberetur,</span> <span class='ocrx_word' id='word_1_53' title='bbox 857 1369 891 1432; x_wconf 85' lang='lat' dir='ltr'>ei</span> <span class='ocrx_word' id='word_1_54' title='bbox 902 1371 1114 1432; x_wconf 83' lang='lat' dir='ltr'>coerceretur</span> <span class='ocrx_word' id='word_1_55' title='bbox 1128 1360 1259 1432; x_wconf 84' lang='lat' dir='ltr'>facilius</span> 
     </span>
     <span class='ocr_line' id='line_1_10' title="bbox 215 1476 1260 1570; baseline -0.001 -22"><span class='ocrx_word' id='word_1_56' title='bbox 215 1478 366 1552; x_wconf 90' lang='lat' dir='ltr'>lihidinis</span> <span class='ocrx_word' id='word_1_57' title='bbox 394 1478 566 1550; x_wconf 86' lang='lat' dir='ltr'>temeritas</span> <span class='ocrx_word' id='word_1_58' title='bbox 581 1479 605 1546; x_wconf 89' lang='lat'>¹.</span> <span class='ocrx_word' id='word_1_59' title='bbox 637 1476 748 1570; x_wconf 85' lang='lat' dir='ltr'>Atque</span> <span class='ocrx_word' id='word_1_60' title='bbox 772 1477 871 1568; x_wconf 90' lang='lat' dir='ltr'>hinc,</span> <span class='ocrx_word' id='word_1_61' title='bbox 904 1478 1030 1569; x_wconf 89' lang='lat' dir='ltr'>obiter,</span> <span class='ocrx_word' id='word_1_62' title='bbox 1061 1477 1260 1570; x_wconf 89' lang='lat' dir='ltr'>colligamus</span> 
     </span>
     <span class='ocr_line' id='line_1_11' title="bbox 216 1594 1259 1668; baseline 0.003 -3"><span class='ocrx_word' id='word_1_63' title='bbox 216 1596 385 1668; x_wconf 88' lang='lat' dir='ltr'>Romanos</span> <span class='ocrx_word' id='word_1_64' title='bbox 420 1595 615 1665; x_wconf 85' lang='lat' dir='ltr'>Graecorum</span> <span class='ocrx_word' id='word_1_65' title='bbox 656 1594 842 1665; x_wconf 85' lang='lat' dir='ltr'>doctrinam</span> <span class='ocrx_word' id='word_1_66' title='bbox 876 1616 944 1666; x_wconf 90' lang='lat' dir='ltr'>non</span> <span class='ocrx_word' id='word_1_67' title='bbox 980 1596 1080 1667; x_wconf 92' lang='lat' dir='ltr'>modo</span> <span class='ocrx_word' id='word_1_68' title='bbox 1111 1595 1259 1668; x_wconf 88' lang='lat' dir='ltr'>imitatos</span> 
     </span>
     <span class='ocr_line' id='line_1_12' title="bbox 218 1709 815 1804; baseline -0.002 -24"><span class='ocrx_word' id='word_1_69' title='bbox 218 1711 331 1801; x_wconf 84' lang='lat' dir='ltr'>luisse,</span> <span class='ocrx_word' id='word_1_70' title='bbox 348 1711 409 1782; x_wconf 92' lang='lat' dir='ltr'>sed</span> <span class='ocrx_word' id='word_1_71' title='bbox 426 1719 459 1780; x_wconf 91' lang='lat' dir='ltr'>et</span> <span class='ocrx_word' id='word_1_72' title='bbox 473 1709 589 1781; x_wconf 84' lang='lat' dir='ltr'>secisse</span> <span class='ocrx_word' id='word_1_73' title='bbox 603 1711 815 1804; x_wconf 89' lang='lat' dir='ltr'>ampliorem.</span> 
     </span>
    </p>

    <p class='ocr_par' dir='ltr' id='par_1_3' title="bbox 217 1825 1351 3762">
     <span class='ocr_line' id='line_1_13' title="bbox 265 1825 1261 1920; baseline 0.003 -25"><span class='ocrx_word' id='word_1_74' title='bbox 265 1827 360 1898; x_wconf 88' lang='lat' dir='ltr'>Illam</span> <span class='ocrx_word' id='word_1_75' title='bbox 379 1827 482 1918; x_wconf 84' lang='lat' dir='ltr'>igitur</span> <span class='ocrx_word' id='word_1_76' title='bbox 500 1825 705 1914; x_wconf 84' lang='lat' dir='ltr'>doctrinam,</span> <span class='ocrx_word' id='word_1_77' title='bbox 732 1826 963 1920; x_wconf 75' lang='lat' dir='ltr'>pythagoricis</span> <span class='ocrx_word' id='word_1_78' title='bbox 977 1825 1156 1918; x_wconf 90' lang='lat' dir='ltr'>stoicisque</span> <span class='ocrx_word' id='word_1_79' title='bbox 1172 1848 1261 1920; x_wconf 84' lang='lat' dir='ltr'>prae·</span> 
     </span>
     <span class='ocr_line' id='line_1_14' title="bbox 217 1935 1260 2036; baseline 0.002 -24"><span class='ocrx_word' id='word_1_80' title='bbox 217 1944 323 2035; x_wconf 91' lang='lat' dir='ltr'>ceptis</span> <span class='ocrx_word' id='word_1_81' title='bbox 336 1943 477 2014; x_wconf 87' lang='lat' dir='ltr'>mixtam</span> <span class='ocrx_word' id='word_1_82' title='bbox 493 1965 533 2015; x_wconf 88' lang='lat' dir='ltr'>ac</span> <span class='ocrx_word' id='word_1_83' title='bbox 548 1935 785 2036; x_wconf 87' lang='lat' dir='ltr'>temperatam,</span> <span class='ocrx_word' id='word_1_84' title='bbox 800 1942 1113 2034; x_wconf 76' lang='lat' dir='ltr'>attuleruntSextii,</span> <span class='ocrx_word' id='word_1_85' title='bbox 1130 1965 1260 2014; x_wconf 90' lang='lat' dir='ltr'>coram·</span> 
     </span>
     <span class='ocr_line' id='line_1_15' title="bbox 217 2057 1261 2152; baseline 0.001 -25"><span class='ocrx_word' id='word_1_86' title='bbox 217 2080 283 2149; x_wconf 91' lang='lat' dir='ltr'>que</span> <span class='ocrx_word' id='word_1_87' title='bbox 296 2059 422 2152; x_wconf 91' lang='lat' dir='ltr'>populo</span> <span class='ocrx_word' id='word_1_88' title='bbox 448 2058 524 2128; x_wconf 83' lang='lat' dir='ltr'>lorti</span> <span class='ocrx_word' id='word_1_89' title='bbox 539 2079 579 2128; x_wconf 92' lang='lat' dir='ltr'>ac</span> <span class='ocrx_word' id='word_1_90' title='bbox 592 2057 771 2146; x_wconf 81' lang='lat' dir='ltr'>magnifica</span> <span class='ocrx_word' id='word_1_91' title='bbox 785 2057 936 2128; x_wconf 89' lang='lat' dir='ltr'>oratioue</span> <span class='ocrx_word' id='word_1_92' title='bbox 956 2058 1179 2128; x_wconf 85' lang='lat' dir='ltr'>illustrarunt.</span> <span class='ocrx_word' id='word_1_93' title='bbox 1200 2058 1261 2128; x_wconf 92' lang='lat' dir='ltr'>ln-</span> 
     </span>
     <span class='ocr_line' id='line_1_16' title="bbox 218 2170 1260 2263; baseline 0.001 -21"><span class='ocrx_word' id='word_1_94' title='bbox 218 2195 301 2261; x_wconf 86' lang='lat' dir='ltr'>gens</span> <span class='ocrx_word' id='word_1_95' title='bbox 330 2172 593 2242; x_wconf 88' lang='lat' dir='ltr'>adolescentium</span> <span class='ocrx_word' id='word_1_96' title='bbox 624 2170 669 2240; x_wconf 93' lang='lat' dir='ltr'>ad</span> <span class='ocrx_word' id='word_1_97' title='bbox 694 2191 751 2240; x_wconf 90' lang='lat' dir='ltr'>eos</span> <span class='ocrx_word' id='word_1_98' title='bbox 776 2171 884 2240; x_wconf 88' lang='lat' dir='ltr'>factus</span> <span class='ocrx_word' id='word_1_99' title='bbox 914 2181 965 2240; x_wconf 90' lang='lat' dir='ltr'>est</span> <span class='ocrx_word' id='word_1_100' title='bbox 989 2171 1150 2263; x_wconf 86' lang='lat' dir='ltr'>impetus,</span> <span class='ocrx_word' id='word_1_101' title='bbox 1183 2193 1260 2243; x_wconf 90' lang='lat' dir='ltr'>cum</span> 
     </span>
     <span class='ocr_line' id='line_1_17' title="bbox 218 2284 1257 2380; baseline -0.001 -25"><span class='ocrx_word' id='word_1_102' title='bbox 218 2296 357 2380; x_wconf 84' lang='lat' dir='ltr'>propter</span> <span class='ocrx_word' id='word_1_103' title='bbox 375 2289 422 2356; x_wconf 88' lang='lat' dir='ltr'>rei</span> <span class='ocrx_word' id='word_1_104' title='bbox 435 2287 633 2372; x_wconf 85' lang='lat' dir='ltr'>novitatem,</span> <span class='ocrx_word' id='word_1_105' title='bbox 650 2293 720 2354; x_wconf 88' lang='lat' dir='ltr'>tum</span> <span class='ocrx_word' id='word_1_106' title='bbox 737 2285 782 2354; x_wconf 94' lang='lat' dir='ltr'>ob</span> <span class='ocrx_word' id='word_1_107' title='bbox 801 2284 983 2355; x_wconf 89' lang='lat' dir='ltr'>dicentium</span> <span class='ocrx_word' id='word_1_108' title='bbox 994 2285 1218 2378; x_wconf 87' lang='lat' dir='ltr'>eloquentiam</span> <span class='ocrx_word' id='word_1_109' title='bbox 1231 2287 1257 2354; x_wconf 77' lang='lat'>².</span> 
     </span>
     <span class='ocr_line' id='line_1_18' title="bbox 219 2399 1258 2495; baseline 0.003 -26"><span class='ocrx_word' id='word_1_110' title='bbox 219 2399 1258 2495; x_wconf 84' lang='lat' dir='ltr'>luterdiscipulosSextiorumeximiumlocumobtinuiiCorn.</span> 
     </span>
     <span class='ocr_line' id='line_1_19' title="bbox 223 2516 1262 2611; baseline 0 -22"><span class='ocrx_word' id='word_1_111' title='bbox 223 2517 366 2606; x_wconf 83' lang='lat' dir='ltr'>Celsus,</span> <span class='ocrx_word' id='word_1_112' title='bbox 386 2541 487 2611; x_wconf 91' lang='lat' dir='ltr'>quem</span> <span class='ocrx_word' id='word_1_113' title='bbox 501 2517 624 2588; x_wconf 86' lang='lat' dir='ltr'>Fabius</span> <span class='ocrx_word' id='word_1_114' title='bbox 644 2516 790 2587; x_wconf 86' lang='lat' dir='ltr'>affirmat</span> <span class='ocrx_word' id='word_1_115' title='bbox 807 2545 824 2580; x_wconf 77' lang='lat' dir='ltr'>a</span> <span class='ocrx_word' id='word_1_116' title='bbox 847 2537 916 2588; x_wconf 89' lang='lat' dir='ltr'>non</span> <span class='ocrx_word' id='word_1_117' title='bbox 929 2539 1050 2611; x_wconf 88' lang='lat' dir='ltr'>parum</span> <span class='ocrx_word' id='word_1_118' title='bbox 1065 2519 1185 2605; x_wconf 90' lang='lat' dir='ltr'>multa,</span> <span class='ocrx_word' id='word_1_119' title='bbox 1201 2539 1262 2590; x_wconf 91' lang='lat' dir='ltr'>nec</span> 
     </span>
     <span class='ocr_line' id='line_1_20' title="bbox 220 2630 1263 2726; baseline -0.001 -21"><span class='ocrx_word' id='word_1_120' title='bbox 220 2635 292 2705; x_wconf 90' lang='lat' dir='ltr'>sine</span> <span class='ocrx_word' id='word_1_121' title='bbox 305 2633 397 2704; x_wconf 84' lang='lat' dir='ltr'>cultu</span> <span class='ocrx_word' id='word_1_122' title='bbox 413 2655 453 2704; x_wconf 88' lang='lat' dir='ltr'>ac</span> <span class='ocrx_word' id='word_1_123' title='bbox 474 2633 581 2705; x_wconf 84' lang='lat' dir='ltr'>nitore</span> <span class='ocrx_word' id='word_1_124' title='bbox 603 2661 620 2697; x_wconf 95' lang='lat'>»</span> <span class='ocrx_word' id='word_1_125' title='bbox 640 2630 817 2725; x_wconf 87' lang='lat' dir='ltr'>scripsisse</span> <span class='ocrx_word' id='word_1_126' title='bbox 831 2634 857 2701; x_wconf 81' lang='lat'>³.</span> <span class='ocrx_word' id='word_1_127' title='bbox 879 2633 1015 2725; x_wconf 88' lang='lat' dir='ltr'>Legitur</span> <span class='ocrx_word' id='word_1_128' title='bbox 1026 2634 1119 2726; x_wconf 89' lang='lat' dir='ltr'>apud</span> <span class='ocrx_word' id='word_1_129' title='bbox 1139 2636 1263 2706; x_wconf 83' lang='lat' dir='ltr'>Sueto-</span> 
     </span>
     <span class='ocr_line' id='line_1_21' title="bbox 219 2748 1263 2841; baseline 0 -22"><span class='ocrx_word' id='word_1_130' title='bbox 219 2750 328 2840; x_wconf 92' lang='lat' dir='ltr'>nium,</span> <span class='ocrx_word' id='word_1_131' title='bbox 349 2749 566 2819; x_wconf 81' lang='lat' dir='ltr'>Crusritinm</span> <span class='ocrx_word' id='word_1_132' title='bbox 577 2748 759 2841; x_wconf 92' lang='lat' dir='ltr'>quemdam</span> <span class='ocrx_word' id='word_1_133' title='bbox 772 2750 1045 2840; x_wconf 86' lang='lat' dir='ltr'>grammaticum,</span> <span class='ocrx_word' id='word_1_134' title='bbox 1062 2750 1117 2820; x_wconf 86' lang='lat' dir='ltr'>cui</span> <span class='ocrx_word' id='word_1_135' title='bbox 1127 2751 1174 2821; x_wconf 90' lang='lat' dir='ltr'>M.</span> <span class='ocrx_word' id='word_1_136' title='bbox 1191 2748 1263 2819; x_wconf 86' lang='lat' dir='ltr'>An·</span> 
     </span>
     <span class='ocr_line' id='line_1_22' title="bbox 221 2864 1261 2953; baseline 0.001 -19"><span class='ocrx_word' id='word_1_137' title='bbox 221 2865 333 2936; x_wconf 90' lang='lat' dir='ltr'>ionius</span> <span class='ocrx_word' id='word_1_138' title='bbox 359 2865 515 2934; x_wconf 83' lang='lat' dir='ltr'>triumvir</span> <span class='ocrx_word' id='word_1_139' title='bbox 544 2864 651 2935; x_wconf 86' lang='lat' dir='ltr'>lilium</span> <span class='ocrx_word' id='word_1_140' title='bbox 675 2887 773 2934; x_wconf 93' lang='lat' dir='ltr'>suum</span> <span class='ocrx_word' id='word_1_141' title='bbox 794 2864 1017 2936; x_wconf 90' lang='lat' dir='ltr'>erudiendum</span> <span class='ocrx_word' id='word_1_142' title='bbox 1033 2865 1261 2953; x_wconf 87' lang='lat' dir='ltr'>commiserat,</span> 
     </span>
     <span class='ocr_line' id='line_1_23' title="bbox 221 2979 1264 3061; baseline -0.001 -10"><span class='ocrx_word' id='word_1_143' title='bbox 221 2981 371 3052; x_wconf 86' lang='lat' dir='ltr'>scholam</span> <span class='ocrx_word' id='word_1_144' title='bbox 401 3001 498 3049; x_wconf 85' lang='lat' dir='ltr'>suam</span> <span class='ocrx_word' id='word_1_145' title='bbox 521 2979 710 3049; x_wconf 90' lang='lat' dir='ltr'>deseruisse</span> <span class='ocrx_word' id='word_1_146' title='bbox 727 2990 760 3048; x_wconf 89' lang='lat' dir='ltr'>et</span> <span class='ocrx_word' id='word_1_147' title='bbox 784 2979 828 3047; x_wconf 87' lang='lat' dir='ltr'>ad</span> <span class='ocrx_word' id='word_1_148' title='bbox 851 2980 892 3061; x_wconf 88' lang='lat' dir='ltr'>Q.</span> <span class='ocrx_word' id='word_1_149' title='bbox 915 2981 1069 3050; x_wconf 89' lang='lat' dir='ltr'>Sextium</span> <span class='ocrx_word' id='word_1_150' title='bbox 1084 3001 1121 3050; x_wconf 88' lang='lat' dir='ltr'>se</span> <span class='ocrx_word' id='word_1_151' title='bbox 1140 2990 1264 3050; x_wconf 88' lang='lat' dir='ltr'>contu-</span> 
     </span>
     <span class='ocr_line' id='line_1_24' title="bbox 220 3089 1265 3185; baseline 0 -21"><span class='ocrx_word' id='word_1_152' title='bbox 220 3097 339 3167; x_wconf 81' lang='lat' dir='ltr'>lisse⁴.</span> <span class='ocrx_word' id='word_1_153' title='bbox 372 3096 441 3166; x_wconf 89' lang='lat' dir='ltr'>Nec</span> <span class='ocrx_word' id='word_1_154' title='bbox 469 3093 616 3164; x_wconf 87' lang='lat' dir='ltr'>absurde</span> <span class='ocrx_word' id='word_1_155' title='bbox 645 3093 767 3185; x_wconf 89' lang='lat' dir='ltr'>aliquis</span> <span class='ocrx_word' id='word_1_156' title='bbox 796 3092 920 3162; x_wconf 88' lang='lat' dir='ltr'>diceret</span> <span class='ocrx_word' id='word_1_157' title='bbox 955 3089 1123 3162; x_wconf 80' lang='lat' dir='ltr'>Ovidium</span> <span class='ocrx_word' id='word_1_158' title='bbox 1147 3115 1265 3166; x_wconf 89' lang='lat' dir='ltr'>eorum</span> 
     </span>
     <span class='ocr_line' id='line_1_25' title="bbox 222 3207 1265 3302; baseline 0.002 -23"><span class='ocrx_word' id='word_1_159' title='bbox 222 3211 325 3282; x_wconf 92' lang='lat' dir='ltr'>fuisse</span> <span class='ocrx_word' id='word_1_160' title='bbox 353 3210 555 3297; x_wconf 88' lang='lat' dir='ltr'>auditorem,</span> <span class='ocrx_word' id='word_1_161' title='bbox 574 3218 606 3279; x_wconf 87' lang='lat' dir='ltr'>ot</span> <span class='ocrx_word' id='word_1_162' title='bbox 624 3207 738 3278; x_wconf 86' lang='lat' dir='ltr'>nescio</span> <span class='ocrx_word' id='word_1_163' title='bbox 765 3229 808 3278; x_wconf 92' lang='lat' dir='ltr'>an</span> <span class='ocrx_word' id='word_1_164' title='bbox 826 3209 929 3293; x_wconf 87' lang='lat' dir='ltr'>idem,</span> <span class='ocrx_word' id='word_1_165' title='bbox 953 3216 989 3277; x_wconf 90' lang='lat' dir='ltr'>ut</span> <span class='ocrx_word' id='word_1_166' title='bbox 1008 3207 1128 3278; x_wconf 90' lang='lat' dir='ltr'>studiis</span> <span class='ocrx_word' id='word_1_167' title='bbox 1146 3229 1265 3302; x_wconf 88' lang='lat' dir='ltr'>aequa·</span> 
     </span>
     <span class='ocr_line' id='line_1_26' title="bbox 222 3323 1263 3418; baseline 0 -22"><span class='ocrx_word' id='word_1_168' title='bbox 222 3327 303 3396; x_wconf 91' lang='lat' dir='ltr'>lium</span> <span class='ocrx_word' id='word_1_169' title='bbox 321 3328 356 3398; x_wconf 92' lang='lat' dir='ltr'>in</span> <span class='ocrx_word' id='word_1_170' title='bbox 381 3327 569 3398; x_wconf 89' lang='lat' dir='ltr'>doctrinam</span> <span class='ocrx_word' id='word_1_171' title='bbox 591 3324 849 3418; x_wconf 79' lang='lat' dir='ltr'>pythagoricam</span> <span class='ocrx_word' id='word_1_172' title='bbox 875 3323 1029 3395; x_wconf 87' lang='lat' dir='ltr'>excitatis</span> <span class='ocrx_word' id='word_1_173' title='bbox 1060 3325 1263 3418; x_wconf 79' lang='lat' dir='ltr'>indulgeret,</span> 
     </span>
     <span class='ocr_line' id='line_1_27' title="bbox 222 3439 1266 3536; baseline 0.001 -24"><span class='ocrx_word' id='word_1_174' title='bbox 222 3442 450 3536; x_wconf 71' lang='lat' dir='ltr'>Pythagoram</span> <span class='ocrx_word' id='word_1_175' title='bbox 472 3442 585 3534; x_wconf 89' lang='lat' dir='ltr'>ipsum</span> <span class='ocrx_word' id='word_1_176' title='bbox 602 3442 636 3509; x_wconf 92' lang='lat' dir='ltr'>in</span> <span class='ocrx_word' id='word_1_177' title='bbox 656 3439 922 3532; x_wconf 87' lang='lat' dir='ltr'>quintodecimo</span> <span class='ocrx_word' id='word_1_178' title='bbox 948 3440 1266 3533; x_wconf 86' lang='lat' dir='ltr'>Metamorphoseon</span> 
     </span>
     <span class='ocr_line' id='line_1_28' title="bbox 222 3556 1267 3651; baseline 0.002 -26"><span class='ocrx_word' id='word_1_179' title='bbox 222 3556 501 3646; x_wconf 24' lang='lat' dir='ltr'>librolinduxerit</span> <span class='ocrx_word' id='word_1_180' title='bbox 522 3557 564 3628; x_wconf 90' lang='lat' dir='ltr'>de</span> <span class='ocrx_word' id='word_1_181' title='bbox 590 3557 799 3626; x_wconf 82' lang='lat' dir='ltr'>animarum</span> <span class='ocrx_word' id='word_1_182' title='bbox 824 3557 1124 3651; x_wconf 82' lang='lat' dir='ltr'>transmigaiione</span> <span class='ocrx_word' id='word_1_183' title='bbox 1139 3571 1174 3627; x_wconf 84' lang='lat' dir='ltr'>et</span> <span class='ocrx_word' id='word_1_184' title='bbox 1189 3559 1267 3626; x_wconf 86' lang='lat' dir='ltr'>uni-</span> 
     </span>
     <span class='ocr_line' id='line_1_29' title="bbox 224 3671 1351 3762; baseline 0.004 -20"><span class='ocrx_word' id='word_1_185' title='bbox 224 3671 378 3744; x_wconf 77' lang='lat' dir='ltr'>malium</span> <span class='ocrx_word' id='word_1_186' title='bbox 390 3671 610 3744; x_wconf 82' lang='lat' dir='ltr'>abstinentia</span> <span class='ocrx_word' id='word_1_187' title='bbox 624 3671 843 3744; x_wconf 88' lang='lat' dir='ltr'>disserentem</span> <span class='ocrx_word' id='word_1_188' title='bbox 854 3673 880 3739; x_wconf 85' lang='lat'>⁵.</span> <span class='ocrx_word' id='word_1_189' title='bbox 896 3711 945 3725; x_wconf 87' lang='lat'>--</span> <span class='ocrx_word' id='word_1_190' title='bbox 961 3672 1006 3743; x_wconf 86' lang='lat' dir='ltr'>At</span> <span class='ocrx_word' id='word_1_191' title='bbox 1027 3675 1134 3746; x_wconf 89' lang='lat' dir='ltr'>multo</span> <span class='ocrx_word' id='word_1_192' title='bbox 1152 3675 1267 3746; x_wconf 87' lang='lat' dir='ltr'>claris·</span> <span class='ocrx_word' id='word_1_193' title='bbox 1350 3759 1351 3762; x_wconf 8' lang='grc' dir='ltr'><strong>Ἴ</strong></span> 
     </span>
    </p>
   </div>
   <div class='ocr_carea' id='block_1_3' title="bbox 225 3879 1266 4265">
    <p class='ocr_par' dir='ltr' id='par_1_4' title="bbox 263 3879 574 3941">
     <span class='ocr_line' id='line_1_30' title="bbox 263 3879 574 3941; baseline -0.006 -12"><span class='ocrx_word' id='word_1_194' title='bbox 263 3879 269 3905; x_wconf 80' lang='lat'>¹</span> <span class='ocrx_word' id='word_1_195' title='bbox 288 3879 398 3940; x_wconf 81' lang='lat' dir='ltr'>Seneca,</span> <span class='ocrx_word' id='word_1_196' title='bbox 412 3879 492 3941; x_wconf 81' lang='lat' dir='ltr'>Epist.</span> <span class='ocrx_word' id='word_1_197' title='bbox 506 3897 574 3929; x_wconf 78' lang='lat' dir='ltr'>cvra.</span> 
     </span>
    </p>

    <p class='ocr_par' dir='ltr' id='par_1_5' title="bbox 225 3955 1266 4102">
     <span class='ocr_line' id='line_1_31' title="bbox 260 3955 1266 4020; baseline 0.001 -11"><span class='ocrx_word' id='word_1_198' title='bbox 260 3957 270 3986; x_wconf 81' lang='lat'>²</span> <span class='ocrx_word' id='word_1_199' title='bbox 289 3961 379 4010; x_wconf 84' lang='lat' dir='ltr'>senec.</span> <span class='ocrx_word' id='word_1_200' title='bbox 390 3960 438 4020; x_wconf 86' lang='lat' dir='ltr'>Ep.</span> <span class='ocrx_word' id='word_1_201' title='bbox 450 3975 519 4008; x_wconf 84' lang='lat' dir='ltr'>cvrrr.</span> <span class='ocrx_word' id='word_1_202' title='bbox 529 3985 561 3994; x_wconf 86' lang='lat'>-</span> <span class='ocrx_word' id='word_1_203' title='bbox 571 3960 666 4018; x_wconf 81' lang='lat' dir='ltr'>Quasi.</span> <span class='ocrx_word' id='word_1_204' title='bbox 680 3961 734 4006; x_wconf 84' lang='lat' dir='ltr'>nai.</span> <span class='ocrx_word' id='word_1_205' title='bbox 743 3971 793 4019; x_wconf 81' lang='lat' dir='ltr'>vn,</span> <span class='ocrx_word' id='word_1_206' title='bbox 806 3955 851 4008; x_wconf 71' lang='lat'>52.</span> <span class='ocrx_word' id='word_1_207' title='bbox 867 3969 883 4008; x_wconf 82' lang='lat' dir='ltr'>a</span> <span class='ocrx_word' id='word_1_208' title='bbox 895 3956 1037 4009; x_wconf 70' lang='lat' dir='ltr'>sotiorum</span> <span class='ocrx_word' id='word_1_209' title='bbox 1051 3971 1117 4013; x_wconf 82' lang='lat' dir='ltr'>noia</span> <span class='ocrx_word' id='word_1_210' title='bbox 1129 3964 1155 4011; x_wconf 83' lang='lat' dir='ltr'>et</span> <span class='ocrx_word' id='word_1_211' title='bbox 1168 3960 1266 4012; x_wconf 86' lang='lat' dir='ltr'>romani</span> 
     </span>
     <span class='ocr_line' id='line_1_32' title="bbox 225 4036 811 4102; baseline -0.012 -13"><span class='ocrx_word' id='word_1_212' title='bbox 225 4040 322 4090; x_wconf 87' lang='lat' dir='ltr'>roboris</span> <span class='ocrx_word' id='word_1_213' title='bbox 335 4045 401 4090; x_wconf 87' lang='lat' dir='ltr'>secia</span> <span class='ocrx_word' id='word_1_214' title='bbox 413 4051 469 4088; x_wconf 90' lang='lat' dir='ltr'>cum</span> <span class='ocrx_word' id='word_1_215' title='bbox 484 4052 575 4102; x_wconf 81' lang='lat' dir='ltr'>magno</span> <span class='ocrx_word' id='word_1_216' title='bbox 590 4039 686 4100; x_wconf 82' lang='lat' dir='ltr'>impetu</span> <span class='ocrx_word' id='word_1_217' title='bbox 700 4036 784 4100; x_wconf 84' lang='lat' dir='ltr'>uoepit.</span> <span class='ocrx_word' id='word_1_218' title='bbox 799 4053 811 4082; x_wconf 84' lang='lat' dir='ltr'>n</span> 
     </span>
    </p>

    <p class='ocr_par' dir='ltr' id='par_1_6' title="bbox 261 4117 515 4176">
     <span class='ocr_line' id='line_1_33' title="bbox 261 4117 515 4176; baseline 0.004 -9"><span class='ocrx_word' id='word_1_219' title='bbox 261 4117 270 4148; x_wconf 76' lang='lat'>³</span> <span class='ocrx_word' id='word_1_220' title='bbox 289 4122 473 4176; x_wconf 64' lang='lat' dir='ltr'>instaretur,</span> <span class='ocrx_word' id='word_1_221' title='bbox 490 4121 515 4168; x_wconf 90' lang='lat'>1.</span> 
     </span>
    </p>

    <p class='ocr_par' dir='ltr' id='par_1_7' title="bbox 262 4193 685 4265">
     <span class='ocr_line' id='line_1_34' title="bbox 262 4193 685 4265; baseline 0.005 -17"><span class='ocrx_word' id='word_1_222' title='bbox 262 4197 269 4224; x_wconf 80' lang='lat'>⁴</span> <span class='ocrx_word' id='word_1_223' title='bbox 290 4195 328 4250; x_wconf 84' lang='lat' dir='ltr'>De</span> <span class='ocrx_word' id='word_1_224' title='bbox 341 4193 495 4249; x_wconf 78' lang='lat' dir='ltr'>Grammat.</span> <span class='ocrx_word' id='word_1_225' title='bbox 510 4194 627 4265; x_wconf 63' lang='lat' dir='ltr'>illustr„</span> <span class='ocrx_word' id='word_1_226' title='bbox 641 4198 685 4250; x_wconf 83' lang='lat'>18.</span> 
     </span>
    </p>
   </div>
   <div class='ocr_carea' id='block_1_4' title="bbox 263 4309 1003 4456">
    <p class='ocr_par' dir='ltr' id='par_1_8' title="bbox 263 4309 1003 4456">
     <span class='ocr_line' id='line_1_35' title="bbox 263 4309 974 4375; baseline 0.001 -14"><span class='ocrx_word' id='word_1_227' title='bbox 263 4309 271 4338; x_wconf 74' lang='lat' dir='ltr'>n</span> <span class='ocrx_word' id='word_1_228' title='bbox 368 4311 465 4362; x_wconf 85' lang='lat' dir='ltr'>Parcite</span> <span class='ocrx_word' id='word_1_229' title='bbox 478 4314 595 4362; x_wconf 84' lang='lat' dir='ltr'>mortales</span> <span class='ocrx_word' id='word_1_230' title='bbox 608 4313 714 4375; x_wconf 83' lang='lat' dir='ltr'>dapibus</span> <span class='ocrx_word' id='word_1_231' title='bbox 726 4316 847 4362; x_wconf 85' lang='lat' dir='ltr'>temerare</span> <span class='ocrx_word' id='word_1_232' title='bbox 858 4310 974 4362; x_wconf 80' lang='lat' dir='ltr'>nefandis</span> 
     </span>
     <span class='ocr_line' id='line_1_36' title="bbox 368 4391 1003 4456; baseline 0.006 -16"><span class='ocrx_word' id='word_1_233' title='bbox 368 4392 478 4454; x_wconf 82' lang='lat' dir='ltr'>corpora</span> <span class='ocrx_word' id='word_1_234' title='bbox 490 4405 496 4438; x_wconf 95' lang='lat'><strong>:</strong></span> <span class='ocrx_word' id='word_1_235' title='bbox 507 4396 567 4444; x_wconf 85' lang='lat' dir='ltr'>sunt</span> <span class='ocrx_word' id='word_1_236' title='bbox 581 4393 673 4456; x_wconf 79' lang='lat' dir='ltr'>iruges,</span> <span class='ocrx_word' id='word_1_237' title='bbox 686 4396 746 4444; x_wconf 84' lang='lat' dir='ltr'>sunt</span> <span class='ocrx_word' id='word_1_238' title='bbox 757 4391 907 4444; x_wconf 81' lang='lat' dir='ltr'>deducentia</span> <span class='ocrx_word' id='word_1_239' title='bbox 920 4403 1003 4446; x_wconf 83' lang='lat' dir='ltr'>ramos</span> 
     </span>
    </p>
   </div>
   <div class='ocr_carea' id='block_1_5' title="bbox 0 0 1604 5158">
    <p class='ocr_par' dir='ltr' id='par_1_9' title="bbox 0 0 1604 5158">
     <span class='ocr_line' id='line_1_37' title="bbox 0 0 1604 5158; baseline 0 0"><span class='ocrx_word' id='word_1_240' title='bbox 0 0 1604 5158; x_wconf 95' lang='lat' dir='ltr'> </span> 
     </span>
    </p>
   </div>
  </div>
 </body>
</html>
