3158 5158
809 491 949 545 ..94-

368 634 446 706 spes
465 634 546 684 suas
572 632 711 707 ponere,
733 613 832 684 simui
858 612 904 684 ad
922 633 1057 683 omnem
1080 610 1150 681 vim
1172 611 1316 680 fortunae
1347 631 1404 680 re·

367 727 556 822 pellendam
571 738 701 822 aptare,
722 729 1007 820 terrestribusque
1018 727 1165 799 vinculis
1178 727 1354 797 exsolutus
1369 727 1402 795 in

367 842 467 914 turba
482 847 575 915 velot
588 845 678 915 solus
694 845 815 936 degere
827 854 860 915 et
872 845 1025 939 lupatria
1037 843 1257 934 alienigenam
1270 863 1403 934 gerere.

415 960 536 1052 Neque
556 961 674 1031 credas
696 982 774 1031 eum
800 982 851 1032 res
876 961 992 1031 civiles
1019 961 1103 1032 adeo
1130 968 1323 1046 curarent,
1348 965 1410 1028 aut

367 1073 543 1164 libertatis,
564 1085 622 1150 aut
638 1075 853 1172 regnantium
870 1077 1022 1170 partibus
1046 1075 1178 1150 studeat
1201 1099 1208 1142 ε
1238 1073 1407 1144 civitatem

368 1211 543 1261 romanam
558 1191 666 1281 exuit,
683 1213 793 1283 neque
806 1212 869 1285 pro
881 1192 983 1261 ullios
997 1191 1149 1285 partibus
1162 1199 1241 1277 stat,
1264 1189 1347 1260 civis
1358 1197 1411 1260 est

367 1307 456 1380 alius
468 1306 626 1380 civitatis.
642 1307 772 1400 Nempe
790 1319 999 1402 compertum
1014 1307 1117 1378 habet
1129 1306 1192 1381 sibi
1207 1327 1307 1398 aeque
1322 1305 1412 1398 peri·

368 1423 444 1496 cuia
461 1423 668 1496 imminerea
685 1425 797 1516 plebe,
821 1425 1079 1518 aprinoipibus,
1105 1445 1127 1494 a
1148 1431 1288 1512 senatu;
1313 1442 1412 1514 aeque

369 1539 451 1616 vitia
465 1539 499 1608 in
519 1540 607 1628 foro,
627 1540 663 1610 in
679 1540 809 1626 rostris,
830 1542 864 1611 in
883 1543 960 1615 aula
982 1540 1133 1612 exerceri
1149 1538 1158 1579 ¹
1174 1567 1183 1627 ;
1198 1561 1277 1631 quae
1290 1546 1413 1610 cuncta

368 1654 488 1730 eodem
514 1655 588 1728 ioco
604 1655 722 1743 habet,
742 1659 901 1750 nulloque
925 1656 1076 1731 adhibito
1094 1654 1299 1741 discrimine,
1327 1652 1414 1745 fugit

369 1779 428 1846 aut
449 1771 601 1865 despicit.
624 1772 741 1865 Seipso
768 1784 960 1863 contentus,
985 1773 1085 1844 nullis
1106 1773 1205 1842 rebus
1221 1769 1409 1857 immixtus,

349 1955 351 1960 ,
369 1887 638 1977 turbamreges,
656 1897 809 1980 potentes
822 1887 963 1978 devitat,
978 1911 1021 1958 ne
1039 1888 1122 1980 quid
1136 1888 1215 1960 mali
1228 1887 1272 1959 ab
1287 1886 1336 1956 eis
1348 1884 1413 1954 sibi

369 1999 520 2090 ingruat,
550 2000 610 2073 sed
636 2023 694 2078 eos
723 2023 836 2095 neque
869 2002 1021 2092 offendit,
1054 2025 1166 2094 neque
1193 2002 1237 2072 ad
1264 2021 1414 2093 pugnum

369 2125 470 2189 vocat
483 2118 509 2187 ².
528 2116 617 2204 Quid
630 2117 732 2210 igitur
746 2118 793 2189 iili
808 2119 977 2210 agendum
996 2119 1138 2192 honeste
1155 2139 1195 2189 ac
1214 2115 1343 2188 sortiter
1357 2137 1412 2186 su·

370 2242 495 2328 perest,
513 2233 572 2306 ubi
585 2233 755 2323 iiliusotii,
771 2257 840 2327 quo
858 2257 895 2309 se
913 2235 1061 2322 inclusit,
1086 2233 1213 2307 taedere
1229 2232 1323 2302 iilum
1339 2253 1412 2302 coe-

370 2349 432 2442 pit,
447 2348 513 2422 nisi
525 2351 613 2422 utde
627 2359 734 2422 morte
752 2349 874 2422 iterum
893 2360 995 2444 atque
1012 2352 1134 2423 iterum
1161 2347 1299 2440 cogitet,
1325 2347 1413 2418 hanc

370 2472 520 2558 expetat,
535 2474 697 2556 arcessat,
714 2487 793 2558 quae
806 2467 974 2538 maiorum
992 2467 1107 2557 iugem
1130 2472 1164 2534 et
1175 2463 1259 2534 lucis
1287 2462 1412 2556 impor-

370 2587 464 2653 tunae
480 2577 582 2652 finem
596 2583 741 2655 allatura
754 2583 820 2654 sit?
834 2582 1097 2674 Agitergo‘Deo
1110 2581 1237 2673 gratias
1249 2580 1343 2673 quod
1354 2579 1412 2654 ho·

371 2695 455 2768 mini
475 2705 618 2772 mortem
637 2697 701 2772 sibi
719 2697 950 2770 conscisceudi
968 2697 1164 2770 facultatem
1178 2696 1285 2784 dedit,
1305 2705 1337 2765 et
1362 2715 1413 2764 res

370 2810 663 2904 omnesiaqueus,
677 2833 776 2899 saxa,
788 2811 893 2904 ligna,
906 2813 1059 2902 arbores,
1074 2811 1166 2884 necis
1177 2811 1411 2895 instrumenta,

372 2926 536 2999 libertatis
547 2927 720 3002 ministros
735 2928 891 3000 venerari
906 2937 938 3001 et
948 2929 1136 3022 amplexari
1148 2927 1316 3000 videtum.

422 3043 508 3118 illud
527 3043 629 3117 etiam
647 3045 836 3118 animorum
850 3044 1091 3137 aegritudinem
1106 3066 1175 3116 non
1194 3066 1315 3138 parom
1333 3041 1414 3112 irri-

372 3159 466 3234 tabat
481 3161 587 3251 quod,
614 3162 746 3252 quoties
767 3162 915 3254 sapiens,
939 3183 1059 3236 aversa
1081 3161 1253 3255 paulisper
1277 3160 1323 3231 ab
1345 3157 1415 3228 hu-

373 3275 484 3348 manis
500 3275 599 3350 malie
612 3277 829 3367 cogitatione,
845 3298 890 3350 ex
909 3277 973 3349 isto
989 3277 1128 3368 angulo,
1146 3275 1293 3347 tenebris
1306 3274 1415 3346 obsito

373 3399 407 3462 et
426 3391 596 3484 squalido,
617 3391 652 3470 iu
668 3392 778 3464 lucem
795 3393 877 3466 vitre
897 3392 1048 3468 melioris
1066 3391 1205 3465 exsilire
1222 3400 1412 3479 conaretur,

410 3615 416 3644 ¹
439 3634 453 3668 u
466 3621 561 3676 Dentur
573 3623 658 3685 tuone
670 3635 788 3686 operam,
801 3623 974 3677 abstineamus
985 3625 1099 3676 eliensis.
1113 3624 1245 3676 interdum
1259 3623 1367 3688 populus
1378 3627 1416 3674 est

374 3719 451 3768 ouem
471 3709 561 3760 timere
575 3709 729 3771 debeamue;
745 3711 889 3773 interdum,
905 3713 927 3762 si
941 3724 971 3762 ee
984 3712 1089 3762 civitatis
1102 3711 1233 3774 discipline
1249 3715 1300 3773 est,
1316 3716 1344 3765 ot
1357 3711 1416 3774 plu·

373 3794 438 3848 rime
448 3809 493 3859 per
506 3802 622 3848 sonetum
634 3799 813 3866 transigentur,
822 3801 923 3864 gratiosi
936 3801 963 3850 in
978 3800 1082 3865 enutri,
1099 3799 1227 3851 interdum
1241 3800 1343 3863 singuli,
1358 3800 1416 3862 qui·

373 3884 422 3940 but
436 3891 545 3950 poterim
559 3888 662 3952 populi,
679 3895 704 3940 et
723 3889 749 3940 lu
764 3891 885 3952 populum
901 3890 960 3940 data
971 3893 1018 3940 est.
1036 3890 1088 3940 Hos
1099 3901 1188 3942 omnes
1204 3891 1297 3940 amicos
1311 3889 1414 3948 habere,

374 3985 509 4036 operosum
529 3981 583 4036 est3
603 3977 662 4028 sads
680 3982 718 4033 ert
736 3977 852 4032 inimicos
873 3991 924 4029 oon
945 3978 1039 4030 bebere
1054 4011 1136 4032 .....
1156 3979 1255 4041 notens
1276 3979 1415 4030 nocituram

373 4064 513 4126 potentiam
531 4067 608 4133 vitat,
623 4069 670 4117 troc
683 4067 794 4129 primum
808 4081 899 4120 cerens
913 4080 947 4120 ne
961 4067 1039 4122 vitare
1053 4067 1175 4120 rideatur.
1192 4083 1206 4118 u
1228 4063 1286 4136 (Ep.
1304 4065 1370 4131 nv.)
1383 4091 1415 4104 —

375 4153 481 4203 acutia
498 4157 525 4204 et
542 4153 639 4218 lorum,
654 4160 680 4207 et
700 4158 755 4208 loce
772 4157 917 4210 exercendis
934 4157 962 4208 in
984 4155 1085 4220 publico
1100 4157 1166 4210 vitiis
1184 4156 1318 4208 destinate.
1335 4173 1349 4205 u
1367 4152 1417 4221 (os

374 4245 462 4294 const.
478 4255 539 4314 sep.
555 4241 600 4308 vr.)

412 4343 422 4374 ²
441 4342 513 4400 idid.
528 4345 587 4414 (Ep.
599 4344 668 4420 xiv.)

411 4447 420 4478 ¹
441 4467 455 4500 «
470 4455 580 4517 Agamus
591 4456 646 4506 Deo
660 4455 769 4519 gratier,
783 4457 849 4519 qood
867 4469 942 4508 nemo
955 4457 982 4508 io
993 4457 1043 4511 vite
1058 4457 1138 4509 tenen
1159 4460 1249 4520 petest.
1267 4473 1282 4506 u
1296 4455 1345 4524 (Ep
1355 4450 1416 4523 zu.)
