3168 5150
628 461 767 518 „29-

177 589 269 659 tiano
291 587 434 680 Capellae
449 596 482 659 et
503 586 692 681 Augustino
711 585 892 676 oredimus,
916 591 982 655 tres
1002 585 1044 657 de
1056 582 1218 684 philoso-

170 700 258 801 phia
273 702 390 792 libros
408 700 544 775 aliosde
557 700 719 773 Deorum
735 698 854 792 cultu,
870 697 1007 770 aliosde
1019 696 1219 773 dialectica

173 820 361 914 composuit
380 819 405 887 ¹.
432 818 548 911 Nuper
573 819 607 887 in
633 816 788 887 ordinem
812 813 954 906 digestae
986 824 1021 884 et
1050 814 1085 884 in
1108 816 1218 888 lucem

174 935 273 1007 editoe
298 941 377 1004 sunt
403 929 585 1001 Varronis
603 932 799 1019 sementim,
826 951 914 1023 quas
940 951 985 1000 ex
1009 928 1099 998 illins
1125 930 1218 1002 libris
1272 949 1274 952 ·

173 1058 352 1143 excerptas
366 1041 491 1117 medice
500 1048 620 1116 aetatis
633 1045 786 1116 homines
796 1044 1078 1138 conscripserant.
1095 1044 1218 1116 Plerae-

173 1188 240 1258 que
254 1185 371 1236 earum
384 1184 461 1232 cum
474 1161 656 1233 stoicorum
673 1159 826 1232 doctrina
839 1182 1026 1253 congruere
1039 1160 1215 1251 videntnr;

172 1281 271 1370 cujus
290 1279 337 1350 rei
352 1278 409 1348 tihi
422 1275 524 1348 fidem
539 1277 638 1349 saciet
648 1278 805 1348 aureolus
815 1275 1098 1378 quidamlibellus
1115 1297 1217 1368 quem

173 1396 345 1490 perlegere
359 1415 473 1487 operae
492 1394 638 1487 pretium
659 1395 746 1465 est2.
770 1393 822 1466 Ex
838 1395 902 1466 hoc
916 1415 1058 1466 numero
1082 1394 1216 1488 paucis-

174 1510 277 1582 simos
294 1521 422 1582 tantum
444 1510 512 1581 huc
533 1510 702 1582 alierum:

220 1670 246 1739 Ι.
274 1670 435 1762 Loquaris
453 1680 492 1739 ut
511 1691 651 1759 omnes3
672 1669 799 1740 sentias
811 1679 848 1740 ut
862 1663 975 1763 pauci.
992 1709 1038 1724 -
1053 1669 1152 1740 Retio
1165 1679 1217 1741 est

171 1784 251 1856 vitoe
265 1785 299 1855 in
317 1787 459 1857 multem
478 1785 664 1859 concedere
678 1785 814 1856 turbam
831 1814 855 1854 s.

218 1944 258 2014 ll.
288 1944 342 2014 Ex
359 1945 471 2016 animo
488 1944 599 2016 dantis
611 1953 789 2016 censeatur
802 1966 926 2016 munus
942 1965 1105 2038 maguum
1119 1944 1146 2013 ⁴.

168 2169 306 2230 presertim
319 2181 397 2230 quum
411 2172 436 2218 et
447 2169 537 2231 ipsein
551 2179 581 2218 eo
593 2167 710 2227 excellas,
722 2172 748 2218 et
758 2167 785 2217 id
798 2167 924 2228 studium,
934 2173 1036 2230 totaque
1047 2180 1077 2218 ea
1089 2180 1128 2218 res
1139 2169 1215 2231 longa

167 2257 257 2307 ceteris
272 2261 298 2306 et
312 2255 401 2306 studiis
413 2259 439 2305 et
452 2255 547 2305 artibus
561 2254 701 2306 antecedat.
714 2281 749 2293 -
760 2257 826 2305 Tum
837 2255 891 2318 ilie,
905 2256 969 2306 istuc
980 2255 1084 2319 quidem
1095 2255 1215 2306 conside-

108 2343 114 2354 '
169 2344 241 2405 rabo,
256 2356 303 2394 nec
317 2355 376 2395 vero
391 2343 496 2395 sinete.
511 2340 583 2408 (cap.
599 2360 610 2393 r
624 2346 649 2392 et
663 2341 709 2405 iv.)

206 2436 213 2466 ¹
234 2455 249 2489 u
259 2443 295 2490 M.
306 2443 385 2490 Varro
397 2441 424 2490 iu
435 2439 499 2490 libro
510 2440 542 2490 de
552 2440 711 2503 philosophia
723 2444 774 2490 tam
788 2440 894 2490 multam
907 2439 1052 2502 dogmatum
1067 2441 1215 2493 varietatem

169 2530 305 2593 diligenter
319 2534 344 2580 et
359 2527 485 2580 subtiliter
501 2532 623 2580 scrutetur
641 2528 763 2588 advertit,
782 2532 810 2578 ut
829 2527 860 2578 ad
881 2527 1001 2580 ducentas
1016 2531 1142 2594 octoginta
1160 2534 1216 2580 octo

169 2624 249 2671 sectas
260 2615 303 2685 (de
315 2619 409 2669 linibus
423 2619 549 2669 bonorum
558 2631 588 2669 ac
598 2617 732 2684 malorum)
743 2630 795 2668 non
806 2629 862 2681 qum
871 2619 924 2680 jam
937 2623 1031 2681 essent,
1041 2620 1086 2670 sed
1096 2632 1151 2682 que
1161 2632 1216 2670 essa

169 2713 286 2770 possent,
300 2707 424 2758 adhibens
437 2709 558 2771 quasdam
570 2707 736 2769 differentias,
751 2707 869 2758 facillime
884 2707 1036 2769 perveniret.
1048 2724 1062 2757 r
1075 2703 1125 2772 (De
1137 2706 1215 2760 civit.

170 2792 231 2859 Dei,
245 2815 303 2858 xix,
318 2795 356 2862 t.)
374 2821 409 2834 --
424 2797 562 2848 «Tametsi
582 2797 667 2846 miuus
681 2801 720 2847 est
733 2795 815 2847 suavis
832 2796 943 2858 eloquio,
958 2796 1074 2848 doctrina
1091 2801 1176 2848 tamen
1191 2800 1217 2848 et

170 2887 303 2937 sententiis
315 2887 348 2936 ita
362 2886 468 2938 retertus
478 2891 525 2945 est.
540 2890 569 2936 ut
582 2884 608 2935 in
621 2885 691 2935 omni
704 2885 857 2944 eruditione,
868 2898 944 2947 quem
958 2897 1005 2936 nos
1017 2885 1165 2944 secutarem,
1177 2885 1215 2936 illi

170 2977 254 3024 autem
269 2973 400 3024 liberalem
417 2976 522 3038 vocant,
537 2973 677 3023 studiosum
691 2985 775 3023 rerum
797 2978 894 3023 tantum
911 2973 958 3024 iste
975 2975 1216 3038 necestuosorum

170 3062 312 3113 studiosum
330 3061 464 3114 uerborum
484 3060 573 3112 cicero
593 3054 905 3127 delectat.»(lbid.,v1,
926 3060 963 3124 2.)
981 3088 1016 3098 -
1033 3062 1215 3124 Quintilianus,

170 3145 240 3202 litet.
252 3153 336 3210 orat„
348 3169 372 3212 1,
383 3151 400 3198 4
411 3165 419 3200 ε
431 3162 447 3199 e
458 3150 598 3199 Varronem
619 3152 645 3198 et
659 3146 804 3197 Lucretium
817 3148 843 3196 in
856 3148 955 3208 latinis,
971 3149 1015 3212 qui
1034 3155 1158 3212 precepta
1170 3162 1215 3200 su-

172 3239 272 3301 pientiae
286 3240 399 3290 versibus
415 3237 582 3289 tradiderunt.
597 3256 610 3282 »
624 3262 659 3273 -
671 3236 810 3286 Martianus
824 3237 936 3298 Capella,
950 3231 988 3287 De
1003 3234 1108 3305 nuptiis
1120 3233 1215 3305 pdilo·

172 3323 253 3396 logice
262 3328 417 3395 (Dialectici,
429 3330 460 3378 L.
469 3327 513 3390 IV)
523 3342 530 3376 ε
541 3343 556 3374 a
567 3326 600 3376 Ni
609 3326 730 3376 Varronis
743 3326 868 3376 meiinter
879 3325 986 3377 Latiales
998 3326 1088 3389 glorias
1096 3328 1217 3379 celebrati

171 3418 233 3467 mihi
255 3417 361 3469 eruditio
380 3417 553 3476 industriaque
572 3418 731 3476 suppeteret,
751 3425 851 3476 possem
872 3412 967 3465 lemine
988 3415 1085 3465 Dorice
1107 3416 1216 3467 nationis

170 3506 237 3567 apud
250 3507 376 3556 Romulos
385 3506 452 3557 vocis
465 3505 589 3562 examina,
601 3508 645 3553 aut
658 3502 795 3552 admodum
809 3503 878 3553 rudis
891 3508 934 3554 aut
947 3505 1005 3555 satis
1019 3503 1123 3555 barbara
1138 3517 1214 3568 repa·

170 3595 225 3644 riri.
238 3596 337 3658 Quippe
349 3598 405 3657 post
415 3593 528 3644 Platonis
540 3604 644 3643 aureum
656 3591 764 3655 flumen,
775 3597 850 3655 atque
862 3593 1047 3644 Aristotelicum
1060 3594 1214 3660 fucultatem,

170 3685 206 3733 M.
216 3684 328 3734 Terentii
338 3684 448 3745 primum
460 3696 501 3733 me
512 3683 538 3731 in
549 3681 665 3731 Latinam
678 3692 764 3731 vocem
778 3682 881 3744 petierit
892 3682 1026 3746 industria,
1035 3696 1064 3734 ac
1074 3683 1143 3734 tundi
1155 3697 1216 3746 pos·

170 3771 317 3822 sibilitatem
333 3785 377 3833 per
391 3772 487 3822 scholas
498 3771 624 3821 Ausonias
639 3769 793 3831 comparavit
796 3805 850 3821 .....
861 3787 877 3818 u
892 3798 924 3808 -
934 3772 1103 3834 Reperiuntur
1117 3773 1143 3822 in
1162 3785 1214 3822 nu-

171 3873 240 3911 mero
257 3874 361 3923 operum
379 3861 500 3911 Varronis
518 3854 687 3928 Λογιστορίκων
704 3858 761 3906 liisri
780 3860 895 3909 LXXVI.
911 3885 944 3896 —
960 3861 1076 3923 Denique
1096 3860 1215 3912 omnibus

171 3953 231 3999 nota
243 3954 302 3999 sunt
313 3962 369 4012 que
381 3948 536 4011 Augustinus
547 3949 573 3997 in
587 3947 657 3997 ituris
669 3943 707 3996 De
719 3943 830 3998 civitate
839 3942 890 3998 Dei
900 3962 929 4000 ex
943 3949 1134 4012 antiquitatibus
1149 3951 1216 4000 Var-

171 4038 240 4086 ronis
252 4037 283 4088 de
292 4039 347 4088 Diis
358 4043 384 4089 et
397 4039 494 4088 ratione
504 4050 587 4088 rerum
598 4037 741 4088 divinarum
752 4037 883 4098 excerpsit.
893 4033 943 4100 (Da
953 4035 1031 4090 civit.
1041 4035 1100 4099 net,
1111 4040 1156 4089 lib.
1169 4041 1215 4091 Vll

172 4130 198 4176 et
211 4127 290 4187 vill.)

207 4220 216 4249 ²
236 4222 373 4273 sententis
388 4223 423 4273 Μ.
437 4221 550 4273 Terentii
564 4221 694 4273 Varronis.
706 4247 740 4258 -·
755 4221 892 4284 chappuis,
908 4221 987 4277 tuuc.

208 4319 217 4348 ³
236 4321 356 4372 conterre
371 4321 428 4372 licet
441 4324 574 4376 Seuerum.
585 4323 633 4386 np.
649 4339 674 4383 r,
686 4337 763 4384 xvrn,
779 4338 830 4372 cnr.

209 4417 217 4447 ⁴
236 4415 276 4472 De
291 4414 389 4487 denes„
405 4436 445 4482 vr,
461 4422 487 4471 7.
