3158 5158
789 459 947 518 -112-

347 609 457 681 prave
474 587 587 677 iaciat,
609 587 691 680 qnid
710 586 800 660 illius
814 590 918 660 relert
930 585 1023 681 quod
1036 594 1136 682 sputa
1152 595 1212 657 aut
1222 594 1393 657 contume-

346 703 412 774 lias
429 725 551 797 passus
566 702 633 774 sit?
657 703 774 798 Igitur,
796 704 943 776 Socratis
965 715 1000 774 et
1021 703 1199 776 Phocionis
1218 705 1390 798 exemplo,

346 814 600 918 quodcumque
613 815 800 908 acciderit,
821 817 938 891 leniet
952 815 1104 918 placido
1120 820 1241 890 animo
1251 815 1391 915 ferat¹.

396 934 581 1023 Postremo,
602 956 734 1006 nerem
754 935 890 1026 longius
904 935 1051 1022 traham,
1071 935 1147 1006 haec
1161 937 1325 1008 sententia
1346 934 1393 1005 fi-

346 1069 425 1120 nem
447 1049 560 1121 laciet.
588 1091 637 1102 --
658 1052 757 1122 Pater
774 1051 915 1143 quidam
941 1049 1012 1122 filio
1036 1051 1257 1124 interdixerat
1283 1051 1395 1123 studio

346 1165 583 1260 philosophiae.
615 1166 690 1255 Hie,
718 1188 796 1237 cum
821 1189 842 1238 a
868 1166 1029 1238 Musonio
1053 1177 1181 1261 peteret
1200 1167 1282 1261 quid
1307 1177 1394 1238 esset

348 1280 532 1372 agendum,
553 1282 609 1352 ille
626 1282 800 1377 respondit
820 1308 830 1352 :
852 1309 870 1348 u
890 1283 968 1354 Sive
986 1292 1098 1377 pater,
1118 1283 1190 1354 sive
1215 1282 1396 1374 magistra-

351 1423 370 1464 »
398 1405 466 1484 tus
483 1397 557 1468 sive
574 1397 733 1468 domiuus
755 1399 860 1489 mala,
880 1399 1022 1490 injusta,
1040 1399 1153 1491 turpia
1165 1399 1321 1492 imperet,
1338 1397 1396 1490 qui

352 1541 371 1575 »
398 1511 728 1606 iisnonohseqnitur‚
736 1535 805 1584 non
814 1513 1013 1586 inobediens
1021 1513 1398 1607 est,nequoquidquam

353 1657 372 1692 »
399 1629 521 1720 injuste
530 1639 590 1700 out
598 1651 777 1724 perperam
790 1631 882 1701 lacit.
895 1632 994 1702 Pater
1005 1640 1085 1701 tuus
1102 1625 1164 1700 tibi
1172 1623 1401 1728 philosophia
1525 1708 1538 1717 ..

353 1767 371 1812 o
400 1739 610 1834 interdixit3
635 1755 671 1816 at
691 1743 834 1844 Jupiter
857 1758 891 1815 tc
903 1739 1151 1844 philosophari
1160 1739 1278 1841 jubet.
1293 1744 1397 1835 Ergo,

354 1885 373 1928 u
401 1881 478 1932 cum
491 1861 578 1953 patri
588 1860 856 1955 obtemperando
870 1861 1044 1933 hominem
1058 1859 1106 1930 sis
1120 1868 1313 1946 secuturus,
1326 1857 1401 1951 phi·
1535 1864 1540 1873 '

354 1999 372 2044 u
401 1975 612 2068 losophando
635 1985 762 2064 autem,
779 1977 910 2064 lovem,
928 1977 990 2046 tihi
1008 1983 1147 2068 praestat
1167 1972 1401 2068 philosophari

354 2116 372 2158 »
400 2112 504 2185 quam
535 2092 705 2163 abstinere
735 2114 756 2163 a
784 2091 1012 2186 philosophia.
1039 2090 1204 2176 Quamvis
1237 2100 1270 2162 te
1304 2099 1401 2184 pater
1530 2088 1540 2133 ²

355 2237 372 2272 »
400 2217 480 2278 tuus
502 2229 637 2280 carcere
656 2208 825 2279 inclusum
847 2208 993 2280 vinculis
1010 2216 1140 2296 oneret,
1162 2205 1297 2278 animus
1314 2205 1401 2277 liber

356 2352 374 2391 n
402 2325 565 2412 manebit,
581 2325 695 2395 animo
711 2335 826 2396 autem
840 2324 1119 2418 philosophamur
1134 2323 1160 2392 2.
1185 2347 1202 2390 n

265 2493 288 2541 u
404 2439 517 2510 Habes
536 2441 607 2511 fere
623 2439 770 2511 Musonii
788 2439 990 2527 doctrinam,
1012 2438 1124 2532 qualis
1145 2448 1236 2510 certe
1253 2459 1299 2510 ex
1312 2439 1403 2530 frag·
1534 2492 1539 2501 .

356 2557 478 2627 mentis
491 2577 633 2648 operum
644 2556 719 2647 ejus
738 2577 778 2626 ac
791 2564 947 2626 veterum
967 2554 1168 2626 testimoniis
1179 2553 1324 2647 exprimi
1342 2573 1403 2648 po-

356 2672 452 2742 testa
474 2671 590 2742 Fuisse
604 2673 762 2758 alterum,
780 2670 899 2742 eodem
910 2680 1073 2764 tempore,
1095 2667 1310 2740 Musonium
1334 2690 1406 2763 cy-

358 2788 449 2856 nicae
476 2799 584 2856 sectoe
611 2781 851 2883 professorem
886 2795 965 2856 sunt
991 2785 1051 2876 qui
1077 2784 1297 2873 contendant,
1328 2784 1406 2854 licet

359 2903 482 2976 Suidas
504 2911 605 2994 neget
621 2903 648 2971 ⁴.
666 2902 889 2973 Philostratus
908 2911 1026 2973 auctor
1049 2909 1102 2972 est
1125 2899 1280 2994 cynicum
1295 2901 1404 2986 illum,

358 3018 531 3113 Babylone
557 3017 751 3105 oriundum,
783 3040 804 3089 a
836 3018 973 3089 Nerone
1002 3018 1036 3087 in
1075 3015 1231 3086 exsilium
1262 3017 1408 3107 ejectum

359 3135 474 3220 fuisse,
496 3143 622 3204 etcum
642 3133 756 3227 operis
779 3131 991 3204 conductitiis
1002 3132 1160 3222 missum,
1181 3141 1219 3202 ut
1240 3132 1408 3202 lsthmum

360 3248 489 3320 foderet
505 3251 532 3318 ⁶.
558 3248 593 3319 Si
612 3248 813 3320 Philostrato
836 3247 959 3334 credis,
977 3269 1047 3318 non
1069 3269 1115 3318 ex
1133 3247 1223 3317 facili
1240 3247 1302 3317 erit
1319 3247 1409 3316 inter
1534 3234 1548 3359 ’ἶ
1570 3225 1571 3248 1

361 3365 552 3456 fragmenta
578 3363 635 3433 illa
660 3363 852 3436 discernere
874 3384 952 3457 quae
983 3362 1100 3455 stoico,
1128 3385 1270 3456 quaeque
1287 3361 1408 3456 cynico
1533 3364 1547 3461 ει·

369 3479 436 3550 sint
454 3477 693 3570 adjudicanda.
1534 3544 1545 3593 Ε,

412 3595 588 3666 Musonius
605 3594 713 3665 Rufus
736 3594 877 3688 Epicteti
905 3595 1069 3686 magister
1091 3593 1166 3664 luit.
1193 3593 1273 3664 Ideo
1291 3591 1408 3685 aliqua
1534 3642 1546 3671 .,

365 3712 439 3802 ejus
454 3710 543 3782 dicta
560 3711 605 3782 ah
621 3711 774 3805 Epicteto
797 3719 830 3781 et
852 3709 998 3782 Arriano
1018 3719 1152 3782 seruata
1176 3719 1266 3782 sunt.
1285 3707 1370 3792 Quae
1388 3727 1410 3777 e
1535 3726 1540 3737 ·

406 3943 410 3968 ¹
432 3940 518 4010 Προίῳς
536 3938 577 3992 καὶ
587 3941 681 4010 ἡσύχως
696 3939 753 3992 o'r‘ott
768 3939 794 3990 τὸ
809 3937 912 4008 suplicii.
928 3943 1021 4010 (Serm.
1035 3939 1091 4008 19.)

404 4041 413 4068 ²
432 4043 513 4093 Scrrn.
527 4043 571 4092 77.

388 4113 390 4120 ’
404 4137 413 4165 ³
433 4140 498 4188 Sunt
509 4138 585 4188 ettam
598 4136 663 4199 opud
677 4137 805 4186 Stohoum
816 4136 866 4185 alla
878 4135 992 4198 ejusdem
1002 4135 1079 4200 nich,
1099 4134 1144 4187 sed
1156 4147 1208 4186 nou
1218 4131 1332 4196 ejusdum
1348 4143 1413 4194 pon-
1540 4144 1548 4189 ,ε

370 4227 446 4281 deris,
457 4239 513 4288 qua
524 4225 654 4275 omisimus
664 4226 707 4290 (V.
720 4236 798 4275 serm.
810 4221 853 4286 18,
869 4223 953 4287 16,1,
970 4226 1015 4290 11,
1026 4226 1053 4285 7,
1066 4219 1093 4286 6,
1110 4221 1154 4283 83,
1170 4219 1244 4286 116.)

406 4323 414 4352 ⁴
434 4325 539 4375 Philosl.
553 4343 579 4383 v,
594 4323 636 4374 19.

407 4421 415 4449 ⁵
436 4425 467 4472 V.
481 4421 598 4482 aurtgny.
