3158 5158
199 583 489 676 quaestionemque
514 582 688 655 defutura
710 586 899 656 animarum
918 593 1007 655 sorte
1032 585 1232 672 institueret,

198 696 349 768 haerebat
367 699 401 768 in
418 698 591 791 ambiguo,
616 701 702 771 inter
723 723 820 794 spem
839 721 880 770 ao
900 698 1167 793 desperationem
1181 699 1235 770 in·

198 823 309 886 certus
334 814 566 909 pendensque,
592 836 702 908 neque
726 815 840 886 sedem
873 816 1036 908 aliquam,
1064 815 1123 885 ubi
1141 817 1236 909 quies

197 927 427 1024 inposterum
451 931 557 1004 fessos
585 940 749 1022 maneret,
773 931 976 1025 cogitatione
997 951 1236 1026 praeoocupare

197 1065 238 1114 ao
252 1045 381 1117 fortiter
403 1056 517 1117 tenere
533 1057 676 1141 poterat.
703 1048 784 1120 Inde
814 1049 870 1118 iile
893 1049 990 1120 labor
1016 1047 1135 1138 animi,
1159 1048 1236 1121 hino

196 1161 348 1232 molestia
366 1163 454 1232 male
467 1163 662 1259 compositae
679 1163 815 1252 mentio,
830 1184 934 1255 quam
958 1163 1039 1235 vitae
1061 1164 1236 1256 praesentis
1277 1183 1279 1189 ·

195 1275 312 1364 taedet,
341 1285 376 1348 et
398 1278 520 1350 futurae
546 1279 714 1372 ignoratio
741 1278 915 1351 dilacerat.
945 1279 1063 1372 igitur,
1099 1279 1237 1372 ancipiti

195 1391 286 1460 malo
304 1413 457 1485 pressus,
474 1393 573 1464 simui
595 1393 823 1486 cognoscendi
843 1393 965 1467 avidus
982 1415 1060 1488 quae
1079 1403 1237 1466 maneant

194 1507 390 1597 exstinctos,
413 1511 603 1604 prorumpit
612 1511 657 1582 ad
676 1521 830 1601 mortem,
850 1511 919 1599 vei,
943 1520 1125 1608 antequam
1150 1531 1236 1608 opus

194 1619 279 1693 illud
292 1625 377 1695 tanti
394 1625 554 1698 momenti
573 1626 802 1720 aggrediatur,
823 1647 859 1698 se
877 1625 1029 1719 quotidie
1048 1637 1184 1698 exercet
1204 1637 1237 1697 et

193 1750 380 1834 praeparat,
408 1741 691 1835 formidinemque
715 1743 796 1812 huic
818 1741 866 1813 rei
887 1750 920 1813 et
939 1741 1065 1813 nomini
1090 1743 1234 1813 affusam

194 1855 332 1925 excutit.
361 1855 442 1928 Inde
469 1858 562 1952 apud
588 1857 808 1951 philosophos
830 1867 1006 1952 perpetuae
1026 1857 1094 1929 iliae
1117 1857 1236 1928 mortis

193 1973 450 2066 meditationem
471 1975 512 2046 de
530 1985 638 2047 morte
656 1976 873 2070 quaestiones,
889 1974 934 2048 ad
954 1984 1093 2048 mortem
1110 1974 1235 2046 eohor-

194 2089 354 2182 tationes3
370 2089 448 2162 inde
462 2090 529 2161 illae
543 2112 658 2178 rupee,
679 2092 806 2162 bonum
821 2113 896 2163 esse
915 2092 1042 2162 fortiter
1057 2091 1154 2178 mori,
1181 2090 1236 2160 ni-

193 2201 242 2274 hil
260 2205 341 2276 mali
355 2206 389 2276 in
413 2216 521 2278 morte
540 2228 628 2299 esse,
651 2207 770 2278 mortis
795 2205 980 2298 imaginem
1006 2226 1137 2298 semper
1157 2215 1236 2279 ante

193 2324 311 2395 oculos
323 2323 580 2418 proponendam
595 2324 620 2392 ¹.
636 2324 729 2415 lnde,
742 2332 791 2395 tot
809 2323 978 2413 homiues,
1000 2323 1111 2394 omnis
1123 2321 1234 2393 aetatis

193 2457 235 2509 ao
263 2440 422 2527 fortunus,
447 2449 584 2513 ruentes
602 2441 821 2532 eduorum,
851 2449 885 2512 et
907 2439 1095 2512 humanum
1125 2461 1234 2532 genus

193 2553 535 2628 vitaefastidiosum2.

242 2668 276 2741 is
288 2680 372 2759 erat,
388 2679 426 2742 ut
436 2669 520 2742 mihi
538 2671 684 2762 videtur,
701 2671 892 2745 animorum
903 2671 1053 2760 habitus
1070 2691 1111 2741 eo
1128 2669 1235 2741 ferme

193 2794 346 2878 tempore
372 2807 449 2857 eum
472 2788 600 2858 Seneca
627 2787 754 2882 aliique
768 2789 842 2882 ejus
864 2787 1016 2880 aequales
1040 2783 1233 2884 philosophi

193 2900 368 2994 sapientiae
382 2901 518 2973 studere
532 2912 720 2996 ooeperunt.

194 3111 230 3128 --
248 3103 265 3138 o
283 3087 396 3140 videsne
416 3087 487 3138 uun
501 3087 634 3148 atrorem,
647 3091 763 3141 otu...»
783 3087 853 3142 trous
870 3088 925 3152 jum
937 3086 1038 3140 duur.
1054 3081 1106 3151 (Do
1121 3079 1178 3148 tro,
1191 3097 1230 3142 ru,

195 3177 239 3229 15.

230 3175 305 3330 “)Ερ.
320 3285 372 3325 xrr,
389 3265 439 3328 24,
452 3265 499 3326 70,
515 3263 560 3316 71.
573 3291 607 3302 -
621 3259 661 3318 De
675 3266 767 3335 tranq.
776 3260 864 3318 onim.
877 3283 904 3318 x.

228 3352 239 3387 ²
255 3357 305 3421 Ep.
319 3373 381 3410 mv
392 3361 419 3408 et
430 3373 490 3408 m.
