3168 5150
763 414 903 468 44...

261 519 263 522 ⁵
309 541 443 630 solutae,
464 539 656 634 quiescunt,
674 538 856 609 stoicorum
875 557 970 608 more
985 557 1055 608 non
1071 536 1107 606 in
1120 535 1260 608 deorum
1277 537 1352 630 ipso

308 659 405 754 ponit
423 657 606 748 domicilio,
623 656 683 727 sed
701 655 736 725 in
762 675 803 725 ea
829 654 907 724 coeli
938 655 1086 746 regione,
1123 676 1203 746 quac
1231 653 1354 726 sideri-

309 775 375 846 bus
393 778 551 867 proxima
569 781 633 860 est,
647 780 681 842 et
692 771 726 840 in
745 772 880 841 excelso
893 769 950 866 illo
969 771 1043 842 loco
1058 792 1161 864 quem
1179 769 1260 842 dicit
1277 771 1354 842 Tul·

308 890 375 962 lius
392 890 466 960 lucc
485 887 646 979 compleri
669 911 675 953 :

431 1054 473 1104 lin
483 1051 559 1102 sortes
569 1051 661 1102 anima
676 1049 828 1113 dignataque
842 1049 947 1100 nomina
960 1050 1063 1112 eaelo,'”

432 1141 587 1204 corporibus
606 1141 715 1190 resoluta
732 1141 795 1205 suls,
807 1143 929 1202 terraque
940 1140 1052 1202 remisse,

431 1232 488 1280 Huc
499 1229 610 1292 migrant
621 1241 651 1278 ex
660 1228 732 1294 orbe,
746 1240 870 1291 suumque
882 1228 1022 1280 habitantia
1033 1229 1124 1280 coelum

431 1318 565 1369 AEtbereos
579 1318 668 1369 uiuunt
682 1329 763 1367 annos
777 1297 925 1380 mi'andoquc
942 1318 1076 1370 truantur?

432 1409 515 1470 Atque
525 1407 566 1457 bic
578 1407 702 1470 AEaoidas,
717 1411 756 1458 etc
758 1443 813 1459 .....

434 1495 480 1545 llla
492 1498 574 1545 Deum
586 1496 668 1555 sedes,
685 1497 737 1548 bac
750 1498 799 1548 illis
813 1498 1042 1560 proximantium

433 1583 482 1642 Qui
492 1583 584 1634 virtute
594 1597 639 1634 sua
647 1585 742 1635 similes
753 1586 857 1648 vestigia
870 1591 978 1650 tangunt
987 1583 1005 1636 ¹.

308 1751 408 1822 Nunc
425 1749 556 1822 silentio
574 1751 831 1844 praetermittam
850 1774 929 1844 quae
948 1752 1107 1824 Manilius
1125 1758 1223 1822 acute
1242 1751 1371 1822 deas.

310 1863 439 1937 trorum
463 1867 595 1957 legibus
618 1866 784 1954 edisserit,
806 1889 886 1937 nam
913 1867 958 1937 ad
989 1888 1062 1938 rem
1084 1887 1155 1936 non
1173 1866 1353 1958 pertinent.

310 1980 461 2074 Scriptus
479 1989 592 2050 autem
612 1988 662 2050 cst
687 1981 783 2068 liber,
799 1981 939 2052 florente
964 1979 1134 2073 Augusto,
1155 2003 1236 2051 nam
1258 1990 1357 2074 poeta

309 2095 345 2165 in
358 2097 538 2190 prooemio,
561 2118 638 2168 cum
656 2096 699 2166 b.
719 2095 866 2189 Augusti
885 2119 1012 2170 numen
1034 2098 1223 2184 invocaret,
1242 2095 1314 2167 ait:

469 2257 523 2308 Hoc
537 2257 584 2308 sub
596 2269 657 2320 pace
671 2262 742 2308 vacat
753 2261 885 2309 tantum...

360 2398 436 2468 Non
450 2398 495 2468 ab
512 2398 632 2470 iisdem
646 2397 828 2470 stoicorum
843 2397 973 2492 placitis
986 2397 1149 2470 abhorret
1159 2395 1354 2494 Virgilius,

310 2537 387 2588 cum
412 2514 604 2585 animorum
629 2523 734 2602 ortus,
757 2536 869 2585 mores
894 2537 936 2585 ac
962 2517 1032 2586 lata
1055 2515 1286 2610 persequitur.
1313 2515 1359 2587 Aa

310 2630 422 2701 stoicis
446 2631 611 2701 immiscet
629 2631 812 2724 platonica,
835 2631 997 2723 quoniam
1017 2631 1067 2702 sio
1089 2631 1208 2702 melius
1233 2653 1355 2725 propo-

311 2747 374 2817 sito
394 2768 455 2816 suo
471 2747 715 2816 conducebant.
745 2747 944 2818 Notissimos
968 2769 1090 2818 versus
1116 2747 1270 2841 proferro
1299 2770 1358 2818 su·

310 2861 497 2957 persedebo
507 2863 533 2930 ².
552 2861 742 2954 Virgilium,
759 2885 836 2933 cum
850 2863 1030 2948 Quinctilio
1043 2863 1133 2935 Varo
1147 2863 1211 2934 sub
1225 2863 1355 2952 Sirone,

312 2977 513 3072 philosopho
529 2977 699 3072 epicureo,
710 2978 885 3072 sapientiae
898 2999 1037 3073 operam
1053 2977 1201 3068 dedisse,
1219 2978 1358 3049 Servius

312 3103 499 3165 auctorest
518 3095 544 3165 ³.
574 3095 726 3165 Donatus
754 3103 868 3165 autem
893 3117 973 3166 eum
990 3093 1222 3166 academicum
1255 3094 1358 3163 luisse

312 3195 495 3281 contendit.
523 3210 630 3281 Immo
650 3232 760 3302 neque
783 3210 972 3304 epicureus,
1002 3231 1113 3303 neque
1144 3205 1357 3279 academicus

313 3325 589 3417 fuit,sedpoeta.
895 3405 897 3410 ¹
1311 3349 1314 3357 ·

368 3437 538 3529 Ovidius,
576 3440 612 3510 in
636 3441 746 3534 primo
775 3437 1110 3538 Metamorphosaon
1144 3438 1246 3528 libra,
1280 3459 1357 3508 cum

314 3559 433 3630 mundi
451 3557 617 3648 originem
635 3557 739 3645 canit,
751 3557 863 3628 Deum
877 3580 997 3646 unum,
1019 3555 1221 3644 maximum,
1239 3576 1279 3626 ac
1298 3575 1358 3648 po·

314 3673 538 3746 lentissimum
556 3675 641 3744 tanti
663 3674 775 3768 operis
794 3675 900 3746 luisse
913 3683 1086 3745 auctorem
1106 3671 1171 3760 ait;
1193 3683 1356 3764 praeterea

313 3791 385 3864 vim
399 3798 531 3861 naturae
550 3789 597 3860 illi
611 3790 807 3882 adjumento
819 3791 938 3877 fuisse,
959 3786 1052 3881 quod
1071 3788 1233 3859 rebantur
1247 3786 1355 3873 stoici,

314 3917 353 3979 ut
370 3906 462 4000 apud
481 3907 644 3979 Senecam
657 3929 750 4002 saepe
769 3907 921 4002 reperias
938 3905 964 3974 ⁴.

351 4099 358 4128 ¹
375 4099 404 4150 L.
417 4097 439 4148 1.

350 4184 360 4214 ²
379 4186 559 4248 Georg.1v,v.
574 4185 638 4240 220.
653 4211 689 4224 -
700 4187 750 4238 En.
770 4203 805 4245 vr.
822 4184 884 4236 724.

351 4271 361 4302 ⁸
378 4275 418 4326 Ad
430 4275 509 4338 eclog.
526 4293 560 4329 vr.

352 4360 361 4393 ⁴
381 4379 395 4411 u
415 4367 497 4428 Quam
514 4364 576 4416 utile
591 4363 717 4415 existimas
737 4363 784 4414 ista
803 4374 963 4428 cognoscere,
973 4363 999 4414 et
1016 4361 1091 4415 rebus
1105 4361 1226 4416 terminos
1241 4363 1359 4426 ponera?
