3168 5150
762 342 886 394 ..8-

306 487 381 540 mos
400 465 455 536 ille
469 465 695 552 obsoleverat,
706 473 738 534 et
752 467 827 535 fons
840 464 992 559 pristinae
1004 465 1180 554 orationis,
1190 465 1225 534 in
1239 466 1348 538 minu·

308 599 361 657 tos
376 585 505 655 rivulos
528 583 697 669 concisus,
717 583 905 652 arescebat.
932 583 1000 652 Nec
1018 585 1128 653 solum
1146 584 1291 654 Romani
1314 586 1349 656 in

306 697 545 795 philosophicis
573 697 858 790 disputationibus
880 699 1064 768 vernacula
1097 698 1150 768 usi
1180 707 1259 768 sunt
1283 701 1350 770 elo

307 813 456 906 quentia,
471 812 532 884 sed
544 813 650 882 multa
659 812 723 904 ipsi
731 813 905 900 invenere,
918 822 977 883 aut
985 813 1058 902 jam
1072 813 1210 884 inventa
1221 835 1349 885 auxere

306 933 393 1003 etin
412 928 523 1020 majus
544 951 746 1023 provexere.
768 931 868 1019 Nam,
891 953 968 1000 curn
987 931 1216 1001 Romanorum
1238 952 1350 1004 mores

308 1058 340 1120 et
355 1048 508 1118 instituta
522 1047 666 1116 multum
682 1069 701 1116 a
718 1047 846 1118 Graecis
859 1047 1102 1142 discreparent,
1116 1056 1148 1118 et
1160 1048 1290 1137 Romae,
1305 1051 1350 1120 ob

307 1163 478 1253 ingentem
503 1161 706 1254 populorum
728 1162 800 1232 vim
822 1184 862 1232 eo
887 1162 1143 1250 confluentium,
1174 1163 1351 1235 innumera

308 1289 421 1348 essent
444 1277 605 1347 vitiorum
630 1297 754 1366 genera
776 1275 988 1370 infinitaeque
1009 1278 1188 1348 libidinum
1208 1280 1347 1372 species,

308 1392 461 1485 sequitur
474 1401 512 1460 ut
524 1392 622 1462 latior
641 1413 781 1483 campus
799 1389 1024 1486 philosophiae
1040 1393 1200 1486 patuerit,
1222 1393 1267 1463 ad
1284 1392 1352 1462 ins·

308 1509 497 1603 piciendam
510 1509 651 1578 humani
665 1507 768 1576 animi
788 1515 963 1597 naturam,
985 1517 1017 1578 et
1035 1508 1162 1578 morbis
1180 1508 1294 1578 multis
1312 1531 1352 1580 ac

308 1624 413 1696 variis
442 1646 531 1694 nova
558 1624 758 1716 insolitaque
780 1623 928 1695 remedia
952 1623 1162 1694 adhibuerit:
1199 1635 1353 1717 serpente

307 1742 389 1810 mali
403 1742 493 1829 labe,
506 1761 561 1810 ars
574 1740 648 1832 ipsa
661 1741 819 1811 medendi
829 1739 960 1832 accepit
970 1739 1176 1814 incrementa
1188 1737 1212 1808 ¹.
1232 1739 1349 1829 Igitur,

308 1859 440 1930 romani
455 1858 690 1951 pbilosophiin
699 1856 794 1926 illam
803 1866 1052 1950 praeceptorum
1067 1857 1216 1926 silvama
1231 1855 1352 1954 graecis

309 1975 551 2067 descriptorum
568 1995 636 2043 non
646 1973 729 2042 nibil
742 1974 939 2062 intulerunt,
955 1981 987 2042 et
1001 1971 1147 2065 plurima
1160 1973 1260 2042 abeis
1274 1995 1353 2065 pru·
1433 1967 1434 1970 '

310 2090 440 2177 denter,
464 2098 575 2175 acute,
590 2089 717 2158 sortiter
732 2088 820 2158 dicta
835 2097 914 2157 sunt
929 2071 1181 2179 etexcogitata3
1198 2109 1260 2158 nec
1270 2087 1352 2156 mibi

308 2205 444 2276 ridetur
463 2205 649 2275 absurdum
667 2205 869 2275 contendere
890 2205 997 2274 cosin
1012 2204 1065 2274 his
1085 2205 1188 2274 rebus
1208 2202 1354 2274 alienam

308 2320 519 2412 disciplinam
542 2341 581 2390 eo
604 2322 707 2390 ferme
726 2329 824 2412 pacto
848 2342 922 2389 esse
942 2327 1089 2404 secutos,
1118 2341 1186 2410 quo
1202 2320 1355 2388 solebant

309 2435 426 2506 cornici
440 2445 471 2504 et
491 2436 608 2526 tragici
624 2448 752 2528 poetae,
770 2435 842 2528 qui,
860 2456 939 2503 cum
949 2433 1144 2502 fabularum
1154 2444 1354 2523 argumenta

310 2561 483 2622 sumerent
502 2574 521 2622 a
538 2552 677 2640 GraeciS,
693 2561 806 2621 tamen
821 2559 953 2640 togatos
968 2570 1080 2619 mores
1092 2549 1145 2619 vel
1160 2549 1194 2616 in
1206 2549 1352 2640 palliatis

311 2669 542 2760 depingerent.
563 2670 691 2760 Nempe
710 2666 859 2759 reperias
880 2665 972 2756 apud
990 2665 1104 2736 latinae
1127 2664 1354 2756 philosophiae

312 2783 490 2876 scriptores
502 2784 606 2852 multa
620 2781 754 2873 egregie
765 2780 930 2850 dictorum
946 2788 1005 2849 aut
1017 2781 1184 2849 factorum
1197 2781 1354 2874 exempla

312 2920 356 2968 ex
388 2900 568 2968 annalibus
592 2897 706 2990 populi
725 2895 856 2967 romani
875 2896 1074 2989 deprompta
1089 2897 1120 2986 ²3
1148 2895 1222 2988 ipsa
1250 2895 1354 2968 etiam

312 3025 484 3107 praecepta
494 3012 855 3085 domesticisinstitutis
866 3013 1140 3102 accommodata3
1155 3012 1227 3102 jam
1237 3012 1353 3082 simili-

311 3132 458 3220 tudines,
493 3130 621 3221 figuras
643 3128 810 3216 dictionis,
838 3138 1017 3221 ceteraque
1038 3129 1221 3199 verborum
1249 3149 1355 3198 orna-

311 3258 425 3318 menta
446 3271 466 3318 a
489 3249 591 3317 rebus
610 3247 825 3333 militaribus,
848 3256 881 3315 et
895 3245 985 3315 ludis
1003 3245 1209 3316 circensibus
1223 3244 1354 3336 gladia·

312 3365 474 3457 toriisque
493 3363 616 3454 pugnis
633 3361 747 3453 petita.
774 3363 867 3449 hlcx,
890 3362 949 3431 ubi
962 3383 1090 3432 novum
1103 3384 1209 3454 genus
1223 3362 1356 3432 dicendi

312 3480 347 3549 in
367 3480 490 3550 scholis
507 3479 694 3549 Rhetorum
714 3486 870 3548 exortum
890 3487 953 3569 est,
975 3478 1147 3548 sententiis
1165 3478 1352 3570 copiosum,

311 3594 468 3686 igniculis
481 3593 664 3664 verborum
683 3604 716 3663 et
730 3592 914 3663 luminibus
932 3593 1160 3686 splendidum,
1172 3592 1357 3685 figurisque

313 3733 353 3781 ac
371 3709 646 3781 translationibus
661 3709 791 3796 audax,
809 3709 874 3779 hac
886 3709 1055 3778 rhetorica
1068 3729 1192 3800 pompa
1208 3709 1356 3802 philoso-

349 3929 355 3956 ¹
377 3949 391 3976 «
402 3933 529 3983 Adversus
538 3937 590 3982 tarn
602 3936 733 3994 potentem
746 3933 943 3995 expttcttumque
953 3932 1002 3982 1111
1012 3931 1121 3982 turonem
1134 3931 1262 3993 operosior
1272 3929 1356 3992 phito-

311 4021 400 4084 sophta
411 4020 530 4083 11111111,
542 4025 568 4071 et
582 4026 679 4072 tantum
689 4023 738 4071 sthi
747 4022 839 4072 virium
850 4021 966 4082 sumpsit,
977 4024 1100 4084 quantum
1111 4020 1161 4085 his,
1173 4020 1291 4071 adversus
1301 4031 1356 4083 qua

312 4111 457 4173 parabatur,
468 4114 613 4162 accesserat.
628 4126 643 4162 1
660 4110 777 4176 (Seneca,
789 4112 837 4172 Ep.
851 4129 909 4171 xcv,
922 4107 979 4176 50.)

350 4215 358 4240 ²
369 4217 405 4265 M.
414 4215 511 4266 Tullius
523 4217 591 4266 tratri
604 4218 741 4279 gratulatur
750 4217 816 4280 quod
830 4217 944 4279 exempla
957 4228 986 4266 11
998 4215 1131 4266 annalibus
1144 4216 1254 4265 romanis
1267 4228 1355 4278 sump-

313 4306 382 4355 serit.
399 4300 445 4369 (De
460 4301 529 4370 cliv„
543 4325 561 4357 11
568 4345 576 4368 ,
590 4303 627 4374 5.)
