3168 5150
897 736 938 808 V.

317 1008 319 1012 ,
402 951 604 1008 Dedthenodoro
620 959 645 1003 et
662 952 740 1012 Areo,
765 951 870 1016 aliisque
888 952 1050 1018 philosophis,
1065 951 1107 1017 qui
1123 965 1173 1004 non
1193 953 1220 1003 in
1238 953 1331 1004 scholis
1350 953 1395 1005 sed
1415 955 1446 1004 in

610 1034 773 1086 contubermo
784 1035 937 1100 priuatorum
948 1034 1093 1100 sapientiam
1104 1034 1243 1092 docebant..

451 1233 526 1303 Duo
550 1233 620 1303 fere
640 1224 766 1327 'genera
785 1232 1062 1326 philosophorum
1084 1242 1164 1306 tune
1181 1235 1299 1306 Romae
1318 1240 1414 1304 eraut
1435 1258 1443 1301 ε

401 1370 549 1442 quorum
566 1348 624 1418 alii
642 1349 676 1418 in
692 1349 816 1421 scholis
834 1349 1065 1443 disputabant,
1082 1349 1138 1421 alii
1154 1350 1188 1420 in
1201 1349 1364 1420 familiam
1382 1370 1448 1444 pa·

331 1527 333 1535 .
403 1468 491 1538 troni
506 1467 684 1558 cujusdam
698 1468 835 1560 recepti,
854 1479 888 1539 et
904 1469 1004 1561 quasi
1017 1468 1154 1540 clientes
1168 1468 1242 1558 ejus
1258 1468 1350 1554 iacti,
1367 1466 1450 1538 huic
1554 1495 1555 1504 2

403 1605 539 1655 omnem
560 1604 699 1677 operam
718 1605 904 1678 curamque
921 1584 1058 1656 assidue
1071 1585 1325 1679 impendebant.
1347 1584 1450 1676 Saepe
1555 1599 1556 1612 ¹

404 1699 572 1793 quosdam
588 1699 707 1772 videre
726 1708 777 1771 est
798 1700 857 1793 qui
877 1710 1021 1792 utroque
1039 1698 1179 1772 docendi
1199 1720 1321 1792 genere
1348 1709 1450 1769 utau-

404 1823 472 1903 tur,
494 1825 607 1886 tamen
626 1825 756 1886 eertum
778 1825 829 1889 est
854 1816 939 1886 alius
960 1815 1113 1886 alterutri
1136 1823 1268 1886 tantum
1292 1813 1450 1886 addictos

402 1931 518 2002 fuisse.

453 2046 605 2116 Primum
623 2045 751 2140 aliquid
764 2044 807 2116 de
823 2045 1033 2140 philosophis
1050 2045 1203 2116 dicamus
1217 2046 1276 2140 qui
1290 2067 1311 2117 a
1323 2044 1449 2116 scholis

320 2227 366 2242 „‚
405 2143 626 2233 recesserunt.
654 2162 743 2235 lllud
768 2161 832 2232 luit
858 2161 1034 2254 sapientiae
1062 2161 1233 2252 magistris
1263 2159 1449 2252 antiquitus
1562 2236 1563 2260 ἶ

406 2277 569 2348 usitatum
587 2277 770 2371 discipulos
780 2277 946 2369 quosdam
956 2277 1079 2368 eligere
1097 2276 1198 2347 bonae
1214 2275 1348 2363 indolis,
1366 2273 1448 2344 illis-

407 2414 473 2486 que
485 2392 673 2481 adhaerere,
689 2402 727 2462 ut
740 2393 899 2465 virtutem
913 2395 1006 2486 apud
1018 2413 1076 2464 eos
1090 2392 1338 2463 adolescentem
1357 2393 1450 2462 iove-
1563 2389 1564 2400 ’

406 2521 495 2596 rent,
527 2509 747 2600 animumque
778 2508 890 2580 adhuc
919 2510 1056 2580 mollem
1080 2518 1113 2579 et
1143 2530 1279 2580 cereum
1309 2507 1449 2578 arbitrio

407 2643 469 2695 suo
493 2620 671 2716 lingerent.
688 2623 773 2692 Eam
795 2623 958 2694 rationem
973 2625 1140 2714 Socrates²
1161 2633 1195 2694 et
1218 2623 1310 2715 quie
1333 2622 1449 2694 schola

407 2737 481 2830 ejus
495 2738 662 2830 prodiere,
682 2736 788 2808 secuti
806 2746 897 2810 sunt.
918 2737 983 2808 Sed
1008 2759 1082 2809 mos
1098 2737 1154 2808 ille
1171 2739 1270 2809 brevi
1290 2737 1448 2824 invaluit,

407 2853 596 2948 praesertim
621 2854 656 2923 in
675 2853 776 2924 sectis
798 2853 922 2946 quibus
944 2854 1118 2948 praecipua
1136 2875 1219 2924 cura
1243 2867 1318 2925 erat
1338 2874 1450 2926 mores

409 2969 628 3055 informandi3
650 2990 773 3064 nempe
792 2989 911 3041 omnes
926 2968 1167 3042 existimabant
1182 2969 1268 3040 nihil
1283 2991 1382 3062 aeque
1405 2968 1451 3041 ad

408 3087 592 3178 perfectam
604 3085 806 3177 sapientiam
817 3084 1006 3157 conducere
1019 3106 1123 3178 quam
1137 3084 1166 3154 si
1182 3085 1259 3176 quis
1274 3084 1450 3156 custodem

408 3202 611 3274 innocentiae
624 3223 710 3289 suae,
735 3210 1004 3295 perpetuumque
1016 3201 1177 3273 vitiorum
1195 3221 1371 3273 censorem
1391 3201 1451 3272 ad·

409 3326 559 3407 voearet,
580 3327 612 3388 et
623 3317 717 3387 illum
735 3315 859 3387 mentis
873 3314 1014 3388 infirmae
1031 3316 1200 3389 medicum
1212 3339 1321 3410 usque
1336 3338 1450 3390 secum

410 3431 585 3506 detineret.
601 3431 668 3502 Res
681 3441 732 3504 est
746 3431 828 3502 satis
847 3439 941 3519 nota,
963 3453 1073 3525 neque
1085 3440 1161 3524 eget
1177 3432 1355 3526 exemplis.

458 3550 526 3621 Sed
540 3571 609 3642 quc
624 3549 734 3640 magis
748 3556 903 3642 apertum
918 3549 961 3620 sit
978 3571 1057 3640 quae
1074 3557 1185 3620 essent
1197 3550 1372 3622 monitoris
1384 3550 1450 3620 hu-

405 3668 462 3758 jus
480 3666 603 3752 officia,
634 3687 739 3759 quam
766 3664 897 3755 sedule,
925 3687 1029 3758 quam
1051 3664 1229 3756 diligenter
1251 3688 1363 3738 mores
1380 3691 1450 3764 pu·

403 3780 487 3882 pilli
502 3783 567 3854 sub
578 3783 682 3854 tutela
694 3782 869 3876 sapientiae
883 3802 956 3852 suae
967 3780 1067 3873 positi
1080 3782 1204 3854 coleret
1216 3793 1249 3854 et
1266 3783 1310 3854 ad
1323 3784 1450 3854 bonam
1472 3831 1475 3838 ·

409 3897 542 3989 frugem
571 3897 780 3991 perduceret,
813 3895 993 3966 audiamus
1020 3897 1181 3969 Senecam
1208 3897 1252 3968 de
1281 3897 1449 3988 ejusmodi

411 4011 586 4107 disciplina
605 4012 850 4082 disserentem:

244 4133 383 4244 3¹3¹}pr
460 4125 611 4196 Primum
634 4127 681 4196 ait
702 4147 772 4196 rem
786 4146 861 4196 esse
874 4125 991 4196 utilem
1011 4145 1152 4217 prorsus
1176 4136 1209 4198 et
1229 4127 1273 4198 ab
1291 4127 1448 4199 omnibus

255 4257 376 4351 affin,
413 4244 589 4337 sapientiae
606 4243 775 4336 magistris
788 4242 1020 4335 praescriptam
1037 4267 1044 4310 :
1063 4272 1080 4308 «
1100 4242 1234 4339 Aliquis
1259 4245 1312 4316 vir
1337 4245 1448 4314 bonus

418 4388 435 4425 »
463 4360 637 4453 eligendus
648 4369 712 4448 est,
727 4379 768 4428 ao
781 4379 915 4451 semper
928 4368 1006 4430 aute
1019 4360 1135 4433 oculos
1149 4361 1339 4448 habendus,
1348 4369 1387 4430 ut
1398 4360 1447 4432 sic
