3168 5150
671 471 812 526 ...33-.

226 605 472 692 praeceptorum
481 594 701 685 continentes
716 579 760 667 ad
770 618 812 668 ea
826 592 936 666 studia
948 596 1031 667 satis
1044 597 1142 691 proni
1152 606 1260 686 eraut,

224 735 285 785 nec
297 737 419 808 parum
438 713 472 782 in
492 711 532 782 iis
550 713 689 800 versati,
716 719 845 782 comet
870 710 1056 802 intelligere
1078 713 1264 784 doctrinam

223 839 255 900 et
277 852 317 901 ea
337 827 496 901 delectari
514 837 663 920 possent.
683 827 848 919 Denique,
868 827 1017 921 Epistola
1037 823 1115 918 quae
1131 827 1265 902 Barla·

223 947 314 1014 tium
339 954 453 1014 monet
483 963 526 1012 ne
553 943 658 1015 vitam
685 942 872 1034 inquietam
894 965 935 1013 ac
953 942 1017 1014 sibi
1036 964 1175 1034 gravem
1203 967 1264 1039 per

223 1060 332 1131 maria
344 1068 520 1154 terrasque
539 1051 756 1130 circumferre
770 1067 804 1129 et
812 1058 942 1148 jactare
962 1058 1056 1148 velit,
1077 1079 1140 1153 pro
1160 1059 1264 1141 docu-

223 1184 337 1246 mento
352 1184 401 1246 est
418 1176 594 1270 sapientiae
611 1185 782 1270 praecepta
794 1175 891 1268 quasi
910 1174 1015 1246 animi
1028 1173 1265 1246 medicinama

223 1291 392 1385 plerisque
409 1292 562 1365 adhibita
578 1293 603 1361 ¹.
993 1359 999 1366 .

271 1405 357 1498 Age,
386 1417 599 1482 transeamus
622 1408 667 1479 ad
698 1408 835 1480 Graecos
861 1409 979 1480 Romae
1008 1417 1089 1478 tuno
1111 1406 1267 1502 philoso-

223 1521 378 1615 phantes.

270 1639 465 1734 Praecipuus
485 1649 576 1712 certe
589 1641 684 1711 locus
697 1634 910 1710 Philodamo
928 1638 1096 1733 Epicureo
1116 1637 1264 1728 dandus,

222 1754 319 1844 cujus
337 1777 479 1849 operum
492 1778 559 1828 non
577 1754 821 1828 contemnenda
845 1755 1034 1846 fragmenta
1046 1775 1091 1826 ex
1108 1754 1268 1826 hercula-

220 1871 386 1942 nensibus
395 1893 463 1943 non
478 1873 525 1944 ita
534 1873 663 1966 pridem
679 1870 849 1942 cineribus
857 1880 953 1940 eruta
964 1880 1042 1942 sunt
1061 1871 1096 1938 ²:
1113 1870 1178 1942 nisi
1190 1870 1268 1963 quis

220 1985 306 2056 sorte
315 2007 377 2058 nos
392 1988 717 2081 reprehendatquod
727 1987 819 2057 hunc
828 1985 1081 2080 philosophum,
1094 1986 1266 2058 Ciceronis

220 2101 402 2192 aequalem,
417 2103 627 2195 temporibus
642 2101 787 2192 Augusti
800 2121 1076 2172 annumeremus.
1096 2100 1174 2190 Qui,
1189 2121 1268 2170 oum

221 2213 394 2285 Gadareus
422 2225 510 2287 esset
529 2218 556 2303 ³,
584 2215 704 2286 Romae
721 2217 829 2286 vitam
852 2215 957 2308 degit,
982 2197 1044 2286 nec
1071 2214 1143 2286 sine
1161 2215 1264 2286 fama.

221 2331 309 2400 Nam
328 2332 409 2402 aM.
432 2332 540 2403 Tullio
561 2332 616 2402 vir
634 2331 782 2425 optimus
805 2331 904 2402 simul
920 2330 1187 2419 etdoctissimus
1199 2352 1267 2401 au-

221 2443 307 2534 dit43
327 2444 449 2516 idema
464 2446 647 2540 Calpurnio
662 2446 782 2517 Pisone
794 2447 963 2539 expetitus
974 2455 1008 2518 et
1022 2445 1197 2532 invitatae,
1218 2445 1266 2516 is·

220 2559 287 2630 tius
305 2561 527 2632 contubernio
548 2584 631 2633 usus
650 2570 713 2632 est.
741 2561 881 2655 Scripsit
904 2557 950 2630 de
968 2556 1265 2632 rhetoricoterus

220 2673 258 2743 in
288 2676 414 2768 quibus
431 2677 612 2747 ostendere
634 2676 699 2747 sibi
716 2676 893 2770 proposuit
909 2699 1013 2769 quam
1036 2697 1128 2748 vana
1149 2677 1191 2746 sit
1210 2697 1266 2748 ars

221 2775 380 2880 dicendi,¹
395 2814 499 2885 quam
517 2814 639 2884 parum
658 2791 704 2863 ad
726 2793 834 2864 vitam
851 2790 1123 2886 componendam
1143 2799 1177 2862 et
1193 2812 1265 2862 rem

221 2907 392 2998 publicam
409 2907 712 2980 administrandam
731 2908 823 2978 utilis
841 2933 848 2976 :
865 2929 928 2978 nec
940 2908 1066 2977 mirum
1081 2906 1109 2976 si
1128 2905 1174 2976 ita
1194 2928 1266 2980 sen-

221 3020 327 3092 tiebat
337 3022 567 3109 Philodemus,
586 3025 749 3115 qnoniam
761 3023 797 3090 in
808 3015 1266 3115 placitisllpicureorumiuit

221 3135 447 3228 eloquentiam
461 3121 651 3231 aspernari,
673 3146 707 3208 et
718 3157 738 3207 a
748 3137 854 3207 rebus
869 3135 1013 3229 publicis
1027 3133 1152 3227 pariter
1163 3143 1265 3226 atque

220 3249 354 3325 dicendi
377 3253 537 3324 facultate
560 3250 716 3324 recedere
734 3254 762 3321 ⁵.
788 3253 848 3323 Est
866 3253 951 3324 alter
969 3235 1121 3341 ejusdem
1140 3249 1182 3320 de
1203 3245 1265 3319 di-

221 3363 331 3437 cendr‘
354 3363 519 3439 libertate
540 3369 637 3456 liber,
659 3389 774 3460 quem,
801 3377 839 3438 ut
862 3367 994 3461 opinor,
1011 3365 1203 3459 *composuit
1226 3373 1266 3435 ut

222 3480 356 3553 doceret
370 3506 440 3577 quo
455 3483 559 3555 modo
571 3483 813 3578 philosophum
828 3482 945 3555 deceat
953 3501 1065 3554 mores
1077 3479 1265 3553 amicorum

258 3719 264 3748 ¹
283 3723 464 3787 Episl.v1,x,
479 3743 517 3776 xr.

256 3809 267 3840 ²
287 3812 516 3864 Herculanensium
528 3813 689 3865 voluminum
700 3825 756 3877 que
769 3817 918 3879 supersunt,
931 3817 993 3864 tom.
1010 3812 1066 3863 1-v1
1081 3806 1219 3880 (Neapoli).

256 3897 267 3928 ³
284 3900 383 3964 Strabo,
399 3900 418 3952 l.
434 3903 504 3952 xvi.

257 3985 266 4015 ⁴
285 3984 325 4040 Da
341 3984 450 4058 (irrideas,
466 3990 485 4042 l.
500 3992 538 4054 ΙΙ,
554 3991 595 4041 ch.
608 4009 688 4040 xxxv.

259 4075 268 4104 ⁵
286 4079 352 4130 vide
369 4080 511 4131 Philodami
533 4080 564 4130 de
583 4081 678 4132 rhetor.
695 4079 772 4130 libros
794 4077 898 4145 (Edidit
919 4074 1015 4140 Grec).
1031 4103 1065 4115 -
1083 4077 1264 4140 Epicureorum

223 4167 310 4231 opinio
322 4169 375 4220 hmo
387 4175 457 4220 erat:
470 4164 523 4218 etti
536 4168 679 4238 ῥητορεύσειν
690 4172 777 4228 καλῶς,
789 4162 842 4216 οὐδὲ
854 4165 1021 4217 πολιτεύεσθαι.
1034 4165 1119 4232 (Diog.
1129 4170 1212 4218 baert.
1224 4162 1264 4235 x.)

223 4283 259 4296 -
270 4260 308 4308 De
323 4270 410 4309 eorum
424 4264 491 4309 scota
508 4260 545 4308 Μ.
556 4259 653 4309 Tullius
669 4273 705 4310 a«
719 4258 826 4308 Minime
840 4264 926 4320 aprum
940 4257 972 4306 ad
990 4256 1126 4306 dicendum
1144 4269 1234 4318 genus.
1250 4267 1266 4305 r

222 4342 304 4415 (Brut.
325 4343 381 4411 55.)
402 4373 435 4383 -
449 4347 547 4398 Eodem
571 4347 650 4398 terme
669 4347 745 4398 modo
767 4345 880 4398 rhetores
899 4346 1062 4397 Philodemus
1082 4345 1267 4408 increpatque

220 4437 291 4487 Plato
307 4437 367 4489 olim
381 4436 504 4498 sophistas
518 4436 677 4498 obiurgabat.

552 4545 554 4551 ·
1107 4517 1124 4572 3
