3158 5158
640 423 781 479 μω..

192 550 314 648 itaque
323 545 467 636 Sextio,
482 552 699 618 monstranti
705 545 993 647 pulcherrimum
1006 552 1084 642 iter,
1100 564 1135 623 et
1148 549 1232 624 cla-

193 669 335 736 manti:
353 662 424 736 tac
438 667 513 734 itur
530 636 588 734 nd
597 645 727 752 astrn,·
748 661 845 752 tae,
870 647 1077 736 secuttdntn
1090 664 1233 765 fruga-

153 863 155 870 .
193 771 331 851 litatem
338 813 356 867 ;
385 777 474 864 bne,
500 775 706 849 secundnm
733 783 1032 877 temperandum,-
1061 777 1147 869 hac,
1177 807 1234 854 sc·

193 892 361 966 cundum
381 889 680 988 fortitudinem...
698 893 723 963 ¹.
741 923 757 958 ›>
785 935 833 946 --
859 895 979 986 Igitur,
1007 916 1085 966 eum
1110 896 1233 968 Sextiis

193 1009 323 1082 videtur
341 1007 444 1080 luisse
467 1030 608 1100 morem,
630 1010 772 1098 sortiter,
793 1011 955 1102 graviter,
983 1009 1148 1082 concitate
1166 1011 1234 1082 dis-

193 1136 326 1219 putare,
360 1133 393 1194 et
419 1125 670 1216 quodammodo
696 1124 901 1212 concionari,
941 1146 1129 1218 omnesque
1167 1127 1235 1196 clos

193 1240 344 1333 quentiae
364 1241 454 1310 laces
475 1240 598 1311 animis
622 1242 779 1312 subdere.
809 1240 909 1326 Quod
936 1241 1066 1336 primus
1084 1242 1235 1312 omnium

195 1357 305 1427 lacere
318 1355 511 1452 instituerat
529 1357 656 1446 Cicero,
670 1357 727 1451 qui
747 1357 937 1451 saepissime
957 1358 1177 1450 partitionum
1197 1379 1237 1428 ac

195 1471 441 1561 definitionum,
462 1473 497 1542 in
521 1473 646 1566 quibus
678 1473 778 1545 stoici·
796 1485 893 1546 erant
924 1475 1033 1561 multi,
1064 1475 1239 1567 angustias

196 1585 292 1674 ridet,
305 1587 507 1681 omissisque
519 1588 849 1680 interrogatiunculis
872 1599 906 1659 et
926 1589 1083 1659 omnibus
1096 1590 1235 1674 aculeis

124 1714 128 1722 '
196 1703 254 1795 qui
266 1714 421 1796 pungunt
433 1704 493 1774 sed
506 1726 575 1775 non
587 1706 825 1794 movent,vela
838 1703 1235 1799 paudebateloqueutiae‚

197 1827 230 1889 et
246 1817 279 1887 iu
299 1811 393 1889 libris
413 1820 560 1890 velutin
580 1820 652 1891 loro
674 1819 833 1911 agebam.
851 1821 893 1891 Et
906 1819 971 1890 boe
994 1821 1081 1892 inea
1095 1842 1131 1906 re
1156 1820 1238 1890 insi·

195 1955 274 2026 gne,
284 1934 377 2026 quod
386 1937 522 2006 Sextius
534 1946 676 2028 uterque
684 1957 861 2007 romanam
875 1934 1023 2008 indolem
1036 1943 1068 2007 et
1081 1938 1241 2029 eloquen-

195 2051 292 2137 tiam,
308 2051 361 2120 vel
380 2051 502 2142 graecis
519 2051 648 2137 verbis
668 2051 897 2122 exbibuerunt
910 2053 936 2122 ³.
1196 2135 1199 2143 ¹

245 2165 444 2254 Coniectura
459 2165 559 2235 etiam
571 2164 679 2238 ducor
697 2166 743 2236 ad
756 2166 997 2260 suspicandum
1011 2165 1148 2261 eosdem
1160 2167 1240 2236 soli·

173 2340 175 2346 .
197 2291 249 2352 tos
263 2281 366 2352 fuisse
381 2283 485 2352 multa
504 2282 662 2374 exempla
687 2304 730 2352 ex
754 2282 934 2353 annalibus
955 2280 1070 2375 populi
1086 2281 1238 2380 tomani,

197 2396 366 2468 Ciceronis
383 2418 491 2484 more,
505 2397 718 2492 depromere,
738 2407 809 2468 tum
827 2399 929 2469 etiam
948 2397 1160 2492 popularium
1172 2407 1242 2468 stu-

196 2514 264 2602 dia,
286 2515 558 2600 consuetudines,
571 2537 654 2585 usus
673 2515 880 2610 depinxisse,
893 2525 926 2586 et
938 2515 1241 2588 bincvivasvoees

197 2639 231 2700 et
247 2651 328 2702 vere
342 2616 658 2703 romanasduxisse.
673 2631 915 2703 Moveerenim
929 2629 994 2702 bac
1005 2630 1154 2724 imagine
1173 2652 1242 2725 qua

197 2748 356 2842 utebatur
370 2748 507 2819 Sextius
522 2748 621 2838 alter,
644 2769 721 2818 cum
740 2749 925 2840 sapientem
935 2748 1130 2841 imperatori
1148 2747 1242 2818 simi·

196 2863 264 2958 lem
278 2883 352 2934 esse
370 2863 519 2934 diceret}
544 2891 561 2926 (ι
583 2861 645 2934 Ire
658 2858 844 2960 quadrato
864 2867 1011 2958 agmine
1021 2865 1240 2952 exercitum,

235 3093 242 3120 ¹
262 3096 310 3156 Ep.
326 3113 434 3150 mnu..

235 3199 245 3230 ²
263 3201 343 3253 Acad.
353 3219 373 3261 ι,
387 3202 406 3254 l.
419 3201 453 3264 11,
464 3199 508 3252 55.
518 3227 553 3238 -—
562 3203 638 3252 Tusa.
650 3202 745 3261 Quost.
756 3217 776 3261 1,
790 3199 818 3261 t,
829 3197 951 3260 93-,m‚
962 3195 990 3252 6.
1002 3225 1032 3236 -
1045 3195 1084 3250 Dc
1094 3194 1182 3268 finib,
1196 3201 1243 3261 tv,

200 3293 227 3342 5.
238 3318 273 3329 -
286 3290 378 3343 Parad.
390 3310 408 3342 1.

237 3396 246 3425 ³
265 3398 418 3449 Claudianus
435 3379 573 3448 Mumertut
592 3397 618 3446 ln
633 3396 698 3446 libro
716 3397 754 3446 De
772 3399 839 3447 statu
857 3393 957 3454 anime,
971 3395 1024 3446 bec
1038 3395 1070 3446 de
1083 3395 1174 3446 Sextllu
1191 3387 1244 3446 alt:

203 3488 357 3536 «Romanos
370 3487 445 3536 etiam
458 3484 611 3547 eosdemque
629 3484 791 3546 pbllosopbos
807 3487 882 3534 testes
894 3482 1010 3542 citemus,
1026 3482 1093 3545 apud
1105 3495 1168 3548 quos
1179 3484 1246 3534 Sex-

201 3573 251 3624 tius
266 3577 347 3636 pater,
358 3574 455 3625 Sextius
469 3572 547 3632 filius,
561 3584 687 3634 propenso
700 3572 727 3621 tn
740 3571 884 3622 exercitium
899 3570 1028 3633 sapientie
1037 3570 1121 3647 studio
1131 3572 1244 3633 apprimo

202 3663 370 3726 philosophati
382 3667 451 3722 suot,
462 3667 537 3725 atque
549 3664 614 3712 banc
625 3675 701 3725 super
710 3662 780 3712 omui
795 3663 880 3712 anima
893 3662 973 3712 tulere
986 3663 1156 3712 seutentiam:
1170 3677 1183 3708 u
1198 3663 1245 3711 In-

202 3767 219 3800 »
238 3750 383 3814 corporalis,
399 3752 528 3815 inquiunt,
544 3751 626 3802 omnis
642 3735 787 3812 astantum,
804 3755 831 3801 et
848 3751 954 3800 illocalis
968 3755 1043 3814 atque
1058 3750 1245 3812 indeprehensa

202 3856 218 3888 u
238 3843 274 3892 vis
288 3841 417 3903 quedam,
431 3853 486 3904 pua
498 3841 553 3891 sine
563 3842 644 3904 spatio
662 3853 739 3903 capax
754 3853 843 3903 corpus
858 3839 940 3892 haurit
954 3843 979 3891 et
992 3840 1115 3890 continet.
1128 3851 1143 3887 o
1154 3838 1245 3890 Acrius

203 3929 256 3990 leti,
270 3931 297 3980 nl
310 3930 391 3996 tollor,
404 3930 530 3980 abstrusas
542 3943 628 3981 rerum
640 3930 750 3980 rationes
762 3929 869 3992 ingressi
881 3933 950 3995 suut,
962 3941 1036 3991 quam
1053 3929 1170 3979 nonnulli
1183 3941 1245 3978 noe·

203 4022 290 4080 tuales,
301 4019 343 4082 qui
357 4019 516 4070 cubiculariis
528 4019 738 4083 dlsputatioulbus
751 4017 783 4068 de
793 4018 940 4068 subllmlum
953 4017 1045 4080 indage
1056 4031 1186 4068 canentum
1195 4017 1244 4066 ali·
1349 4029 1352 4036 ’

204 4107 265 4170 quld
281 4108 447 4170 soporiferum
459 4109 487 4158 in
499 4108 597 4159 lectulis
612 4110 757 4171 oscitantes,
772 4107 929 4170 perpellente
947 4106 1018 4169 copia
1033 4107 1173 4170 tepentium
1189 4119 1245 4156 ue·

204 4197 317 4259 niuutm,
332 4197 422 4248 stolido
433 4197 560 4249 laudatore
572 4202 715 4248 veternosas
726 4195 830 4247 anilium
841 4196 991 4258 opinionum
1003 4197 1158 4258 suspiciones
1168 4196 1245 4245 edor-

204 4286 301 4346 miunt,
317 4286 486 4349 innexamque
498 4287 624 4338 veteribus
638 4287 750 4338 unimam
765 4285 875 4347 corporis
887 4283 1001 4336 clausttls
1013 4285 1109 4336 includi
1121 4288 1147 4336 et
1159 4284 1244 4334 couti-

205 4377 260 4426 nurl
275 4376 453 4427 decernunt.»
465 4374 533 4442 (Lib.
546 4376 581 4442 tt,
596 4387 618 4426 c.
630 4375 698 4441 vul.)
