3168 5150
632 435 770 490 „49-

186 592 203 629 ιι
232 563 331 650 Quod
352 565 396 637 ad
414 564 500 638 duos
521 564 647 637 amicos
669 578 800 642 nostros
825 569 981 662 pertinet,
1007 573 1144 653 diversa
1164 578 1220 658 via

185 709 204 748 u
232 680 379 752 eundum
398 690 461 752 est.
483 679 632 752 Alterius
650 684 741 754 enim
753 684 835 756 vitia
846 687 1069 780 emendanda,
1087 693 1226 765 alterius

186 798 422 890 »lraugenda
441 805 530 868 sunt.
547 797 629 868 Utar
642 799 797 871 libertate
817 810 887 873 tota
904 831 911 874 :
929 825 997 874 non
1016 827 1093 878 amo
1109 809 1220 899 illum,

186 941 204 977 »
231 915 296 984 nisi
316 912 497 984 offendero.
518 913 607 997 Quid
628 917 732 1006 ergo?
756 916 882 1008 inquis.
908 919 1224 1014 Quadragenarium

185 1052 202 1096 n
227 1029 394 1123 pupillum
418 1027 544 1120 cogitas
564 1030 627 1099 suh
649 1031 753 1102 tutela
779 1039 837 1102 tua
864 1035 1035 1108 continere
1047 1037 1064 1106 l
1086 1039 1224 1131 Respice

185 1171 205 1211 u
232 1151 368 1236 aetatem
380 1143 453 1233 ejus
467 1143 540 1234 jam
558 1142 680 1214 duram
695 1155 727 1216 et
745 1145 1002 1221 intractabilem.
1020 1151 1097 1222 Non
1116 1163 1224 1246 potest

186 1288 205 1326 u
234 1258 419 1330 reformari.
451 1260 579 1330 Tenera
612 1257 798 1355 finguntur.
827 1262 883 1332 An
914 1267 1126 1358 profecturus
1160 1267 1225 1338 sim

187 1403 205 1440 »
233 1374 347 1445 nescio
370 1402 377 1444 :
401 1375 491 1444 malo
506 1396 699 1446 successum
721 1375 803 1446 mihi
821 1399 927 1469 quarn
944 1377 1046 1451 fidem
1060 1381 1220 1454 deesse..-

188 1519 205 1554 ,ε
233 1489 303 1560 Nec
319 1490 361 1562 de
372 1491 477 1560 altero
486 1471 625 1584 quidem
635 1492 716 1561 satis
728 1489 862 1564 fiduciae
878 1492 988 1566 habeo
1003 1521 1012 1564 z
1030 1507 1172 1591 excepto
1185 1519 1228 1570 eo

188 1634 206 1669 »
234 1605 322 1699 quod
346 1605 458 1676 adhuc
479 1627 618 1699 peccare
641 1607 830 1698 erubescit;
865 1610 1067 1684 nutriendus
1098 1622 1149 1685 est
1171 1615 1227 1686 hio

189 1747 207 1786 u
234 1721 341 1812 pudor
361 1719 468 1813 :quid
497 1719 647 1814 quandiu
677 1721 848 1792 inanimo
870 1723 945 1814 ejus
963 1727 1147 1820 duraverit,
1168 1729 1229 1799 ali·

189 1864 206 1907 n
234 1839 310 1933 quis
327 1841 390 1911 erit
403 1841 504 1911 honae
523 1840 595 1933 spei
608 1840 715 1910 locus.
741 1839 825 1910 Cum
841 1840 906 1911 hoc
917 1851 1079 1914 veterano
1093 1844 1230 1938 parcius

187 1982 207 2022 u
234 1957 407 2049 agendum
419 1966 546 2050 puto..
568 1957 763 2050 impendam
779 1955 859 2027 huic
871 1959 918 2028 rei
941 1958 1035 2050 dies;
1058 1967 1092 2031 et
1113 1969 1228 2032 utrum

187 2101 205 2135 »
234 2073 339 2166 possit
357 2072 485 2164 aliquid
498 2071 568 2162 agi,
584 2093 627 2141 an
650 2093 718 2141 non
736 2072 855 2165 possit,
873 2073 1031 2167 experiar
1047 2074 1073 2144 ¹.
1092 2104 1110 2140 ε

234 2189 291 2275 At,
306 2209 385 2278 quae
397 2187 553 2278 voluptas
565 2185 728 2276 magistro
741 2186 889 2277 suberat,
902 2209 971 2278 qua
985 2189 1101 2260 laetitia
1113 2190 1228 2260 exsul-

186 2303 294 2390 tabat,
318 2303 346 2374 si
368 2324 435 2373 non
458 2302 582 2372 frustra
609 2301 752 2372 luissent
772 2299 932 2372 conatus!
955 2343 1000 2355 —
1020 2331 1037 2367 a
1058 2305 1178 2376 Cresco
1196 2313 1230 2374 et

187 2447 205 2491 »
234 2422 383 2511 exsulta,
405 2427 438 2490 et
461 2419 613 2490 discussa
632 2427 804 2489 senectute
826 2420 1010 2508 recalesoo,
1033 2421 1166 2514 quoties
1184 2445 1229 2494 ox

188 2569 220 2610 »,
234 2539 380 2633 hisquae
394 2537 468 2630 agis
481 2546 515 2609 et
530 2535 662 2623 scribis,
683 2535 833 2626 intelligo
846 2546 1013 2628 quantum
1030 2545 1063 2607 te
1077 2537 1150 2631 ipsc
1165 2561 1228 2609 su-

186 2681 204 2725 n
233 2649 464 2750 pergroderisl
500 2652 535 2723 Si
562 2650 745 2744 agricolam
768 2652 870 2720 arbor
896 2651 939 2722 ad
962 2632 1119 2723 ¹fructum
1148 2676 1229 2748 per-

187 2797 204 2842 u
234 2767 334 2844 ducta
352 2771 508 2858 delectat,
528 2769 556 2840 si
571 2778 687 2863 pastor
703 2791 747 2838 ex
765 2769 848 2839 foetu
866 2769 980 2862 gregis
994 2769 1047 2839 sui
1064 2773 1152 2864 capit
1165 2793 1227 2842 vo-

187 2917 204 2952 »
233 2889 417 2980 luptatem,
449 2886 477 2954 si
509 2867 684 2955 alumnum
709 2905 808 2954 suum
829 2904 929 2953 nemo
955 2883 1051 2954 aliter
1079 2887 1227 2956 intuetur

187 3033 205 3072 u
233 3025 338 3098 quam
364 3011 402 3071 ut
432 3000 695 3071 adolescentiam
721 2999 810 3068 illius
835 3019 933 3067 suam
952 2999 1080 3086 judicet
1111 3001 1228 3092 :quid

188 3148 207 3186 »
234 3118 370 3190 evenire
390 3117 500 3186 credis
514 3114 569 3186 his
586 3114 653 3207 qui
670 3113 806 3204 ingenia
820 3114 1071 3201 educaverunt,
1092 3125 1126 3186 et
1147 3137 1227 3208 quae

188 3264 205 3298 u
233 3245 347 3306 tenera
364 3234 611 3318 formaverunt,
628 3228 743 3300 adulta
767 3227 879 3299 subito
893 3227 1029 3301 vident!
1050 3228 1176 3302 Assero
1194 3243 1226 3303 te

188 3376 205 3420 u
234 3351 330 3421 mihi.
346 3351 460 3422 Meum
474 3369 560 3442 opus
574 3369 612 3420 es
625 3347 652 3415 ².
676 3371 693 3416 u
1074 3425 1077 3434 Ι

236 3465 334 3538 Adde
355 3465 507 3560 magistri
530 3474 566 3534 et
579 3461 734 3556 discipuli
749 3460 912 3533 litterata
927 3461 1121 3561 colloqciu,
1144 3487 1228 3536 eru·
1287 3475 1289 3480 ’

221 3710 228 3736 ¹
244 3711 292 3773 Ep.
309 3728 370 3760 xxv.
386 3735 419 3747 -
432 3708 529 3759 Eadem
539 3707 607 3769 legas
621 3705 688 3769 apud
703 3704 881 3756 Philodamum
891 3707 995 3786 inllihro
1004 3708 1043 3758 De
1056 3708 1173 3761 libertate
1184 3710 1226 3761 dl·

186 3808 271 3870 cendi,
282 3820 337 3870 cap.
347 3809 374 3871 l,
388 3806 414 3867 5,
429 3806 455 3857 8.
467 3832 503 3842 -
516 3823 528 3849 α
542 3806 599 3854 Duo
612 3814 706 3866 genera
716 3806 775 3852 sunt
788 3801 963 3864 vituperandi:
976 3805 1083 3856 altemm
1097 3819 1126 3856 ex
1139 3807 1225 3859 indole

188 3907 240 3958 leni
255 3911 280 3958 et
294 3907 406 3968 urbana,
424 3905 531 3955 alterum
554 3917 583 3955 ex
601 3915 690 3965 aspera
712 3906 799 3952 natura
820 3901 1042 3976 proficisciturt....
1057 3905 1225 3970 Philosophus

184 4004 324 4056 benevolus
337 4016 438 4066 semper
455 4008 506 4064 est,
521 4013 604 4064 neque
619 4004 741 4064 appetens
759 3999 861 4062 glorie,
875 4011 960 4062 neque
974 4012 1059 4050 auram
1078 4005 1223 4065 popularem

184 4105 298 4162 captans,
313 4107 338 4152 et
350 4101 382 4151 ab
396 4099 491 4150 invidia
506 4099 584 4157 liber,
597 4111 676 4160 eaque
691 4101 788 4146 tantum
801 4109 856 4158 qua
870 4097 901 4146 ad
917 4110 970 4148 rem
985 4097 1080 4148 luriunt
1092 4101 1168 4165 dicit,
1179 4113 1227 4150 nec

176 4189 246 4250 'sinit
259 4212 286 4250 se
301 4199 333 4248 ud
354 4199 557 4249 maledicendum
571 4196 652 4260 abripi
669 4201 712 4246 aut
728 4195 938 4258 conviciandum,
953 4200 997 4248 aut
1015 4199 1225 4262 opprimendum.

185 4303 228 4349 aut
240 4299 395 4350 nocendum.
409 4315 424 4344 n
438 4296 469 4364 (E
481 4308 560 4374 giaco
576 4273 735 4359 translatum,
748 4307 803 4358 cap.
817 4295 848 4358 ι.)

221 4404 229 4431 ²
243 4408 290 4468 hp.
303 4423 392 4454 xxxiv.
