3168 5150
665 455 807 512 ..23-

265 579 334 652 Nec
351 579 435 652 nihil
447 581 489 652 de
508 579 656 650 heminis
669 579 811 672 origine.
837 616 879 636 -·-
896 577 980 652 Hulc
990 579 1101 654 inesse
1117 581 1165 653 ait
1177 579 1252 653 ani·-

215 711 308 767 mum
318 713 363 768 ex
376 704 545 768 astrorum
560 695 697 788 ignibus
708 695 883 784 haustum,
892 694 983 766 unde
996 695 1035 766 lit
1050 701 1088 767 ut
1099 695 1159 768 Del
1172 711 1254 792 pars

213 812 268 901 sit,
289 812 452 906 quoniam
474 819 643 884 astrorum
665 807 760 904 ignes
785 833 830 884 ex
848 809 965 884 divino
983 813 1074 882 fonte
1087 819 1252 884 manent:

213 928 447 1020 cognationem
466 927 567 1018 igitur
592 928 779 998 maximam
797 929 905 998 Deum
932 925 1018 998 inter
1043 935 1077 998 et
1101 928 1255 1004 homines

213 1044 432 1132 intercedere,
454 1065 578 1138 nempe
600 1044 788 1115 humanam
807 1053 954 1116 mentem
977 1044 1038 1115 Dei
1064 1046 1253 1138 exemplar,

215 1161 297 1231 satis
310 1167 429 1230 exacta
443 1158 489 1230 ad
502 1177 623 1232 verum
637 1161 797 1253 imagine,
815 1162 952 1250 referre,
969 1163 1144 1254 Deumque
1166 1159 1256 1232 intra

214 1297 251 1346 se
267 1276 437 1347 continere
459 1269 642 1370 sedemque
654 1269 701 1346 illi
719 1272 886 1371 praebere.

336 1445 397 1505 Quis
408 1445 506 1496 dubitet
515 1451 572 1507 nost
585 1447 638 1497 irae
651 1447 783 1498 hominem
796 1447 951 1509 conlungere
960 1445 1068 1507 coelo...,

335 1533 460 1584 Eximiam
471 1539 560 1585 natura
570 1532 640 1586 dedit
652 1535 815 1598 linguamque
830 1547 956 1598 capaxque

335 1625 481 1686 Ingentum,
491 1625 669 1688 volucremque
681 1627 814 1676 animum?
827 1627 909 1685 Quem
921 1624 1031 1686 denique
1043 1617 1070 1674 in
1085 1631 1164 1675 unuln

333 1713 471 1764 Descendit
482 1716 634 1777 Deusatque
645 1716 751 1777 habitat,
765 1717 899 1779 ipsumque
911 1716 1066 1778 requiritl...

334 1803 396 1862 Quis
410 1799 501 1854 coelum
514 1805 601 1866 possit,
618 1807 668 1856 nisi
680 1805 736 1856 coell
750 1815 856 1857 munera
870 1809 966 1864 nosset,

333 1897 365 1947 Et
377 1899 589 1958 remotissimum,
600 1898 649 1947 nisi
660 1898 704 1958 qul
725 1906 781 1958 pars
793 1897 847 1958 ipse
857 1894 963 1947 deorum
975 1898 1031 1944 esti

336 2019 390 2037 .....
409 1986 441 2036 Ni
456 1992 539 2039 tantos
551 1988 641 2037 animis
650 1987 735 2036 ocules
747 1990 836 2036 natura
854 1984 975 2044 dedisset,

333 2075 521 2136 cognatamque
536 2075 585 2125 sibi
594 2079 708 2124 mentem
719 2074 836 2123 vertisset
846 2072 877 2123 ad
890 2074 981 2137 ipsam,

336 2163 369 2211 Et
382 2166 479 2212 tentum
491 2162 594 2213 ditasset
608 2175 681 2226 opus,
694 2160 807 2223 eoeloque
819 2162 929 2220 veniret,

334 2249 408 2309 Quod
420 2239 492 2301 voc'at
506 2251 534 2300 in
547 2249 638 2301 coelum
652 2262 721 2301 sacra
732 2249 764 2300 ad
776 2248 927 2299 commercia
940 2244 1070 2300 rsrnm'...

333 2393 390 2440 Jam
405 2404 530 2454 nusquam
542 2395 632 2442 natura
647 2393 717 2442 lutet.
730 2390 889 2442 pervidimus
900 2402 1014 2453 omnem,

334 2477 367 2529 m
376 2484 448 2542 capto
460 2479 570 2542 potimur
580 2476 686 2541 mundo,
702 2483 867 2542 nostrumque
880 2483 1012 2541 parentem

333 2571 394 2618 Pars
407 2579 451 2620 sna
460 2567 639 2632 conspicimus,
656 2563 786 2631 genitique
795 2565 937 2618 accedimus
947 2566 1031 2621 astris.

332 2659 373 2707 An
386 2657 493 2708 dubium
505 2662 544 2710 est
557 2658 671 2708 habitus
684 2659 768 2708 Deum
778 2658 826 2708 sub
839 2662 940 2721 pectore
949 2662 1058 2708 nostro?

333 2750 362 2796 ln
377 2747 519 2810 eoelumque
532 2748 615 2800 redire
625 2747 722 2798 animus
732 2747 846 2810 coloque
858 2747 963 2798 veniret

548 2923 602 2944 .....
623 2890 689 2951 Quid
699 2889 792 2940 mlrum
802 2901 906 2940 noscere
915 2888 1039 2938 mundum

333 2979 360 3029 Si
375 2979 616 3042 possunthomlnes,
630 2979 722 3041 quihus
734 2982 809 3029 estet
820 2978 930 3027 mundus
945 2977 1058 3039 inlusis?

332 3067 534 3130 Exemplumque
546 3069 593 3118 Dei
603 3068 709 3130 quisque
720 3071 758 3117 est
769 3066 796 3115 in
808 3066 918 3129 imagine
929 3062 1040 3127 parva²t

258 3211 353 3282 Nosti
375 3211 460 3304 quid
484 3210 527 3281 de
551 3210 620 3280 fato
640 3208 735 3279 stoici
759 3206 871 3278 dicant
890 3235 898 3276 :
919 3204 1033 3276 omnia
1050 3225 1129 3298 quae
1151 3203 1250 3274 nobis

209 3327 367 3399 videntur
388 3326 538 3398 accidere
564 3333 654 3396 certa
674 3326 748 3416 lege
766 3324 852 3413 fieri,
879 3332 913 3394 et
940 3331 1019 3394 ante
1043 3321 1181 3416 provisa
1197 3329 1249 3390 at·

209 3465 275 3534 que
288 3444 323 3514 in
341 3450 506 3515 aeternum
519 3441 655 3514 decreta
668 3442 795 3512 fuisse:

331 3631 405 3680 Mitto
418 3629 485 3693 quod
498 3633 631 3680 etcertum
644 3633 682 3678 est
692 3633 717 3679 et
726 3627 872 3679 inevitabile
885 3627 974 3686 latum,

333 3719 493 3782 Materiaque
513 3719 599 3770 datum
612 3721 650 3770 est
661 3718 726 3780 cogi,
738 3718 781 3769 sod
795 3726 883 3780 cogere
893 3713 989 3768 mundo
993 3747 1045 3770 .....

330 3812 391 3859 Fata
404 3814 496 3872 regunt
508 3809 606 3869 orbem.
621 3813 689 3860 certe
699 3808 861 3860 omniomnis
876 3807 940 3869 lege.

331 3899 468 3949 Nascentcs
483 3899 615 3956 morimur,
625 3899 736 3960 finisque
748 3897 781 3948 ab
793 3897 890 3960 origine
905 3891 1026 3958 pendet³.

208 4040 328 4111 Sedem
347 4041 452 4131 illam,
474 4041 534 4112 ubi
551 4062 687 4132 maguae
705 4041 842 4129 animae,
864 4038 1014 4132 corporis
1033 4056 1169 4108 carcere
1186 4057 1243 4106 ex·

247 4226 252 4254 ¹
272 4231 302 4280 n.
316 4231 364 4279 111.

198 4377 204 4390 ,
245 4316 303 4368 ²n.
315 4320 362 4370 111.

245 4405 254 4432 ³
273 4409 302 4458 u.
312 4409 346 4458 11.
360 4433 391 4444 -
407 4410 434 4458 n.
446 4409 489 4458 rv.
