<?xml version="1.0" encoding="UTF-8"?>
<!DOCTYPE html PUBLIC "-//W3C//DTD XHTML 1.0 Transitional//EN"
    "http://www.w3.org/TR/xhtml1/DTD/xhtml1-transitional.dtd">
<html xmlns="http://www.w3.org/1999/xhtml" xml:lang="en" lang="en">
 <head>
  <title>
</title>
<meta http-equiv="Content-Type" content="text/html;charset=utf-8" />
  <meta name='ocr-system' content='tesseract 3.04.00' />
  <meta name='ocr-capabilities' content='ocr_page ocr_carea ocr_par ocr_line ocrx_word'/>
</head>
<body>
  <div class='ocr_page' id='page_1' title='image "./desapientiaedoc00aubegoog_0094.png"; bbox 0 0 3158 5158; ppageno 0'>
   <div class='ocr_carea' id='block_1_1' title="bbox 22 4453 25 4657">
    <p class='ocr_par' dir='ltr' id='par_1_1' title="bbox 22 4453 25 4657">
     <span class='ocr_line' id='line_1_1' title="bbox 22 4453 24 4554; baseline 0 0"><span class='ocrx_word' id='word_1_1' title='bbox 22 4453 24 4554; x_wconf 89' lang='lat' dir='ltr'>l</span> 
     </span>
     <span class='ocr_line' id='line_1_2' title="bbox 23 4557 25 4657; baseline 0 0"><span class='ocrx_word' id='word_1_2' title='bbox 23 4557 25 4657; x_wconf 90' lang='lat' dir='ltr'>l</span> 
     </span>
    </p>
   </div>
   <div class='ocr_carea' id='block_1_2' title="bbox 192 522 1229 730">
    <p class='ocr_par' dir='ltr' id='par_1_2' title="bbox 192 522 1229 730">
     <span class='ocr_line' id='line_1_3' title="bbox 631 522 771 577; baseline 0.014 -17"><span class='ocrx_word' id='word_1_3' title='bbox 631 547 665 560; x_wconf 92' lang='lat'>...</span> <span class='ocrx_word' id='word_1_4' title='bbox 683 522 717 577; x_wconf 78' lang='lat'>33</span> <span class='ocrx_word' id='word_1_5' title='bbox 736 547 771 562; x_wconf 90' lang='lat'>..</span> 
     </span>
     <span class='ocr_line' id='line_1_4' title="bbox 192 639 1229 730; baseline -0.007 -14"><span class='ocrx_word' id='word_1_6' title='bbox 192 663 271 718; x_wconf 84' lang='lat' dir='ltr'>nom</span> <span class='ocrx_word' id='word_1_7' title='bbox 289 644 412 716; x_wconf 80' lang='lat' dir='ltr'>Seneca</span> <span class='ocrx_word' id='word_1_8' title='bbox 428 643 475 712; x_wconf 84' lang='lat' dir='ltr'>ait</span> <span class='ocrx_word' id='word_1_9' title='bbox 497 642 597 714; x_wconf 85' lang='lat' dir='ltr'>aliam</span> <span class='ocrx_word' id='word_1_10' title='bbox 616 665 688 715; x_wconf 88' lang='lat' dir='ltr'>esse</span> <span class='ocrx_word' id='word_1_11' title='bbox 710 643 874 730; x_wconf 89' lang='lat' dir='ltr'>docentis,</span> <span class='ocrx_word' id='word_1_12' title='bbox 903 643 1003 713; x_wconf 88' lang='lat' dir='ltr'>aliam</span> <span class='ocrx_word' id='word_1_13' title='bbox 1023 639 1229 713; x_wconf 80' lang='lat' dir='ltr'>cohortantis</span> 
     </span>
    </p>
   </div>
   <div class='ocr_carea' id='block_1_3' title="bbox 174 755 1230 854">
    <p class='ocr_par' dir='ltr' id='par_1_3' title="bbox 174 755 1230 854">
     <span class='ocr_line' id='line_1_5' title="bbox 174 755 1230 854; baseline -0.005 -24"><span class='ocrx_word' id='word_1_14' title='bbox 174 804 178 810; x_wconf 92' lang='lat'>-</span> <span class='ocrx_word' id='word_1_15' title='bbox 192 759 377 830; x_wconf 89' lang='lat' dir='ltr'>orationem</span> <span class='ocrx_word' id='word_1_16' title='bbox 388 758 413 827; x_wconf 87' lang='lat'>¹.</span> <span class='ocrx_word' id='word_1_17' title='bbox 426 757 468 828; x_wconf 86' lang='lat' dir='ltr'>Et</span> <span class='ocrx_word' id='word_1_18' title='bbox 478 758 533 828; x_wconf 83' lang='lat' dir='ltr'>illa</span> <span class='ocrx_word' id='word_1_19' title='bbox 542 759 656 854; x_wconf 84' lang='lat' dir='ltr'>ipsein</span> <span class='ocrx_word' id='word_1_20' title='bbox 668 759 872 852; x_wconf 90' lang='lat' dir='ltr'>quibusdam</span> <span class='ocrx_word' id='word_1_21' title='bbox 884 755 1032 852; x_wconf 89' lang='lat' dir='ltr'>epistolis</span> <span class='ocrx_word' id='word_1_22' title='bbox 1041 755 1150 850; x_wconf 89' lang='lat' dir='ltr'>primo</span> <span class='ocrx_word' id='word_1_23' title='bbox 1160 755 1230 826; x_wconf 87' lang='lat' dir='ltr'>uti-</span> 
     </span>
    </p>
   </div>
   <div class='ocr_carea' id='block_1_4' title="bbox 192 875 1242 2121">
    <p class='ocr_par' dir='ltr' id='par_1_4' title="bbox 192 875 1231 1201">
     <span class='ocr_line' id='line_1_6' title="bbox 193 875 1230 967; baseline -0.004 -21"><span class='ocrx_word' id='word_1_24' title='bbox 193 885 248 946; x_wconf 88' lang='lat' dir='ltr'>tur</span> <span class='ocrx_word' id='word_1_25' title='bbox 261 875 478 967; x_wconf 77' lang='lat' dir='ltr'><strong>argumentis,</strong></span> <span class='ocrx_word' id='word_1_26' title='bbox 492 898 573 949; x_wconf 79' lang='lat' dir='ltr'>mox</span> <span class='ocrx_word' id='word_1_27' title='bbox 599 876 639 947; x_wconf 91' lang='lat' dir='ltr'>iis</span> <span class='ocrx_word' id='word_1_28' title='bbox 658 876 803 962; x_wconf 90' lang='lat' dir='ltr'>omissis,</span> <span class='ocrx_word' id='word_1_29' title='bbox 830 876 934 946; x_wconf 92' lang='lat' dir='ltr'>libere</span> <span class='ocrx_word' id='word_1_30' title='bbox 952 881 1095 965; x_wconf 79' lang='lat' dir='ltr'>vagatur</span> <span class='ocrx_word' id='word_1_31' title='bbox 1117 882 1150 943; x_wconf 88' lang='lat' dir='ltr'>et</span> <span class='ocrx_word' id='word_1_32' title='bbox 1168 891 1230 942; x_wconf 92' lang='lat' dir='ltr'>suo</span> 
     </span>
     <span class='ocr_line' id='line_1_7' title="bbox 192 987 1231 1086; baseline -0.005 -24"><span class='ocrx_word' id='word_1_33' title='bbox 192 1013 287 1066; x_wconf 85' lang='lat' dir='ltr'>more</span> <span class='ocrx_word' id='word_1_34' title='bbox 306 1001 452 1084; x_wconf 87' lang='lat' dir='ltr'>perorat.</span> <span class='ocrx_word' id='word_1_35' title='bbox 469 994 540 1064; x_wconf 88' lang='lat' dir='ltr'>Hac</span> <span class='ocrx_word' id='word_1_36' title='bbox 567 993 676 1086; x_wconf 87' lang='lat' dir='ltr'>priore</span> <span class='ocrx_word' id='word_1_37' title='bbox 703 991 937 1086; x_wconf 73' lang='lat' dir='ltr'>disputationis</span> <span class='ocrx_word' id='word_1_38' title='bbox 962 999 1057 1083; x_wconf 88' lang='lat' dir='ltr'>parte</span> <span class='ocrx_word' id='word_1_39' title='bbox 1084 987 1231 1061; x_wconf 90' lang='lat' dir='ltr'>contine-</span> 
     </span>
     <span class='ocr_line' id='line_1_8' title="bbox 192 1103 1156 1201; baseline -0.006 -23"><span class='ocrx_word' id='word_1_40' title='bbox 192 1106 318 1178; x_wconf 77' lang='lat' dir='ltr'>bantur</span> <span class='ocrx_word' id='word_1_41' title='bbox 331 1103 492 1196; x_wconf 86' lang='lat' dir='ltr'>decreta,</span> <span class='ocrx_word' id='word_1_42' title='bbox 508 1110 631 1201; x_wconf 88' lang='lat' dir='ltr'>quibus</span> <span class='ocrx_word' id='word_1_43' title='bbox 644 1110 754 1180; x_wconf 90' lang='lat' dir='ltr'>omnis</span> <span class='ocrx_word' id='word_1_44' title='bbox 770 1109 921 1180; x_wconf 89' lang='lat' dir='ltr'>doctrina</span> <span class='ocrx_word' id='word_1_45' title='bbox 940 1107 1156 1176; x_wconf 77' lang='lat' dir='ltr'>innitebatur.</span> 
     </span>
    </p>

    <p class='ocr_par' dir='ltr' id='par_1_5' title="bbox 195 1223 1242 2121">
     <span class='ocr_line' id='line_1_9' title="bbox 244 1223 1233 1316; baseline -0.006 -22"><span class='ocrx_word' id='word_1_46' title='bbox 244 1223 282 1296; x_wconf 93' lang='lat' dir='ltr'>ld</span> <span class='ocrx_word' id='word_1_47' title='bbox 298 1233 425 1312; x_wconf 86' lang='lat' dir='ltr'>autem,</span> <span class='ocrx_word' id='word_1_48' title='bbox 455 1235 493 1296; x_wconf 93' lang='lat' dir='ltr'>ut</span> <span class='ocrx_word' id='word_1_49' title='bbox 507 1227 579 1316; x_wconf 89' lang='lat' dir='ltr'>jam</span> <span class='ocrx_word' id='word_1_50' title='bbox 609 1225 771 1312; x_wconf 82' lang='lat' dir='ltr'>diximus,</span> <span class='ocrx_word' id='word_1_51' title='bbox 799 1226 887 1296; x_wconf 88' lang='lat' dir='ltr'>iuter</span> <span class='ocrx_word' id='word_1_52' title='bbox 904 1223 1026 1294; x_wconf 88' lang='lat' dir='ltr'>stoicos</span> <span class='ocrx_word' id='word_1_53' title='bbox 1051 1241 1181 1313; x_wconf 84' lang='lat' dir='ltr'>graecos</span> <span class='ocrx_word' id='word_1_54' title='bbox 1199 1227 1233 1289; x_wconf 88' lang='lat' dir='ltr'>et</span> 
     </span>
     <span class='ocr_line' id='line_1_10' title="bbox 195 1338 1235 1434; baseline -0.007 -22"><span class='ocrx_word' id='word_1_55' title='bbox 195 1359 354 1412; x_wconf 86' lang='lat' dir='ltr'>romanos</span> <span class='ocrx_word' id='word_1_56' title='bbox 372 1341 521 1413; x_wconf 82' lang='lat' dir='ltr'>maxime</span> <span class='ocrx_word' id='word_1_57' title='bbox 539 1344 674 1413; x_wconf 90' lang='lat' dir='ltr'>interest</span> <span class='ocrx_word' id='word_1_58' title='bbox 691 1342 783 1434; x_wconf 87' lang='lat' dir='ltr'>quod</span> <span class='ocrx_word' id='word_1_59' title='bbox 801 1342 933 1412; x_wconf 92' lang='lat' dir='ltr'>illorum</span> <span class='ocrx_word' id='word_1_60' title='bbox 949 1339 1056 1411; x_wconf 87' lang='lat' dir='ltr'>oratio</span> <span class='ocrx_word' id='word_1_61' title='bbox 1079 1338 1148 1407; x_wconf 86' lang='lat' dir='ltr'>fere</span> <span class='ocrx_word' id='word_1_62' title='bbox 1164 1343 1235 1406; x_wconf 89' lang='lat' dir='ltr'>tota</span> 
     </span>
     <span class='ocr_line' id='line_1_11' title="bbox 196 1453 1236 1551; baseline -0.004 -25"><span class='ocrx_word' id='word_1_63' title='bbox 196 1456 403 1548; x_wconf 78' lang='lat' dir='ltr'>argumentis</span> <span class='ocrx_word' id='word_1_64' title='bbox 416 1467 449 1527; x_wconf 90' lang='lat' dir='ltr'>et</span> <span class='ocrx_word' id='word_1_65' title='bbox 468 1458 703 1551; x_wconf 75' lang='lat' dir='ltr'>partitionibus</span> <span class='ocrx_word' id='word_1_66' title='bbox 728 1457 837 1529; x_wconf 88' lang='lat' dir='ltr'>acutis</span> <span class='ocrx_word' id='word_1_67' title='bbox 855 1479 895 1527; x_wconf 89' lang='lat' dir='ltr'>ac</span> <span class='ocrx_word' id='word_1_68' title='bbox 914 1453 1093 1526; x_wconf 88' lang='lat' dir='ltr'>subtilibus</span> <span class='ocrx_word' id='word_1_69' title='bbox 1105 1459 1236 1523; x_wconf 89' lang='lat' dir='ltr'>consta·</span> 
     </span>
     <span class='ocr_line' id='line_1_12' title="bbox 196 1569 1237 1667; baseline -0.004 -25"><span class='ocrx_word' id='word_1_70' title='bbox 196 1571 275 1658; x_wconf 87' lang='lat' dir='ltr'>bat,</span> <span class='ocrx_word' id='word_1_71' title='bbox 295 1571 330 1641; x_wconf 89' lang='lat' dir='ltr'>hi</span> <span class='ocrx_word' id='word_1_72' title='bbox 349 1595 431 1644; x_wconf 92' lang='lat' dir='ltr'>vero</span> <span class='ocrx_word' id='word_1_73' title='bbox 451 1575 654 1667; x_wconf 82' lang='lat' dir='ltr'>eloquentiae</span> <span class='ocrx_word' id='word_1_74' title='bbox 674 1595 801 1664; x_wconf 81' lang='lat' dir='ltr'>genus,</span> <span class='ocrx_word' id='word_1_75' title='bbox 822 1571 999 1644; x_wconf 89' lang='lat' dir='ltr'>movendis</span> <span class='ocrx_word' id='word_1_76' title='bbox 1016 1569 1137 1640; x_wconf 89' lang='lat' dir='ltr'>animis</span> <span class='ocrx_word' id='word_1_77' title='bbox 1162 1589 1237 1638; x_wconf 88' lang='lat' dir='ltr'>rna·</span> 
     </span>
     <span class='ocr_line' id='line_1_13' title="bbox 200 1687 1238 1786; baseline -0.002 -29"><span class='ocrx_word' id='word_1_78' title='bbox 200 1687 251 1778; x_wconf 79' lang='lat' dir='ltr'>gis</span> <span class='ocrx_word' id='word_1_79' title='bbox 266 1689 436 1777; x_wconf 88' lang='lat' dir='ltr'>idoneum,</span> <span class='ocrx_word' id='word_1_80' title='bbox 453 1691 591 1786; x_wconf 91' lang='lat' dir='ltr'>iusuper</span> <span class='ocrx_word' id='word_1_81' title='bbox 604 1691 822 1762; x_wconf 84' lang='lat' dir='ltr'>adhibebant.</span> <span class='ocrx_word' id='word_1_82' title='bbox 849 1691 950 1776; x_wconf 88' lang='lat' dir='ltr'>Nam,</span> <span class='ocrx_word' id='word_1_83' title='bbox 972 1699 1153 1786; x_wconf 86' lang='lat' dir='ltr'>postquam</span> <span class='ocrx_word' id='word_1_84' title='bbox 1166 1708 1238 1756; x_wconf 91' lang='lat' dir='ltr'>rem</span> 
     </span>
     <span class='ocr_line' id='line_1_14' title="bbox 200 1803 1237 1901; baseline 0.002 -29"><span class='ocrx_word' id='word_1_85' title='bbox 200 1805 404 1898; x_wconf 89' lang='lat' dir='ltr'>propositam</span> <span class='ocrx_word' id='word_1_86' title='bbox 413 1808 623 1878; x_wconf 86' lang='lat' dir='ltr'>stabilierant</span> <span class='ocrx_word' id='word_1_87' title='bbox 632 1807 1005 1901; x_wconf 86' lang='lat' dir='ltr'>etquasifundaveraut</span> <span class='ocrx_word' id='word_1_88' title='bbox 1016 1803 1237 1896; x_wconf 82' lang='lat' dir='ltr'>argumentis,</span> 
     </span>
     <span class='ocr_line' id='line_1_15' title="bbox 200 1917 1241 2016; baseline -0.004 -27"><span class='ocrx_word' id='word_1_89' title='bbox 200 1920 312 1991; x_wconf 86' lang='lat' dir='ltr'>acrius</span> <span class='ocrx_word' id='word_1_90' title='bbox 327 1943 368 1991; x_wconf 89' lang='lat' dir='ltr'>ac</span> <span class='ocrx_word' id='word_1_91' title='bbox 382 1923 615 1994; x_wconf 87' lang='lat' dir='ltr'>vehementius</span> <span class='ocrx_word' id='word_1_92' title='bbox 640 1924 801 2016; x_wconf 82' lang='lat' dir='ltr'>agebant,</span> <span class='ocrx_word' id='word_1_93' title='bbox 817 1921 1144 2016; x_wconf 86' lang='lat' dir='ltr'>disputationemque</span> <span class='ocrx_word' id='word_1_94' title='bbox 1156 1917 1241 2010; x_wconf 80' lang='lat' dir='ltr'>igni-</span> 
     </span>
     <span class='ocr_line' id='line_1_16' title="bbox 199 2032 1242 2121; baseline -0.006 -15"><span class='ocrx_word' id='word_1_95' title='bbox 199 2035 471 2108; x_wconf 87' lang='lat' dir='ltr'>busconcionum</span> <span class='ocrx_word' id='word_1_96' title='bbox 486 2040 722 2110; x_wconf 85' lang='lat' dir='ltr'>incendebant.</span> <span class='ocrx_word' id='word_1_97' title='bbox 739 2033 1042 2108; x_wconf 84' lang='lat' dir='ltr'>Concionandum</span> <span class='ocrx_word' id='word_1_98' title='bbox 1054 2035 1191 2121; x_wconf 90' lang='lat' dir='ltr'>invitia,</span> <span class='ocrx_word' id='word_1_99' title='bbox 1207 2032 1242 2101; x_wconf 93' lang='lat' dir='ltr'>in</span> 
     </span>
    </p>
   </div>
   <div class='ocr_carea' id='block_1_5' title="bbox 182 2148 1239 2250">
    <p class='ocr_par' dir='ltr' id='par_1_6' title="bbox 182 2148 1239 2250">
     <span class='ocr_line' id='line_1_17' title="bbox 182 2148 1239 2250; baseline -0.002 -30"><span class='ocrx_word' id='word_1_100' title='bbox 182 2195 185 2200; x_wconf 90' lang='lat'>·</span> <span class='ocrx_word' id='word_1_101' title='bbox 199 2153 290 2221; x_wconf 88' lang='lat' dir='ltr'>mala</span> <span class='ocrx_word' id='word_1_102' title='bbox 307 2153 387 2222; x_wconf 84' lang='lat' dir='ltr'>vitoe</span> <span class='ocrx_word' id='word_1_103' title='bbox 401 2148 661 2250; x_wconf 81' lang='lat' dir='ltr'>perorandum,</span> <span class='ocrx_word' id='word_1_104' title='bbox 675 2154 722 2223; x_wconf 88' lang='lat' dir='ltr'>ait</span> <span class='ocrx_word' id='word_1_105' title='bbox 735 2153 865 2237; x_wconf 75' lang='lat' dir='ltr'>Cicero,</span> <span class='ocrx_word' id='word_1_106' title='bbox 881 2152 974 2222; x_wconf 90' lang='lat' dir='ltr'>haud</span> <span class='ocrx_word' id='word_1_107' title='bbox 988 2153 1084 2222; x_wconf 89' lang='lat' dir='ltr'>aliter</span> <span class='ocrx_word' id='word_1_108' title='bbox 1098 2152 1239 2238; x_wconf 83' lang='lat' dir='ltr'>Seneca,</span> 
     </span>
    </p>
   </div>
   <div class='ocr_carea' id='block_1_6' title="bbox 201 2263 1246 3053">
    <p class='ocr_par' dir='ltr' id='par_1_7' title="bbox 201 2263 1246 3053">
     <span class='ocr_line' id='line_1_18' title="bbox 201 2263 1243 2359; baseline -0.002 -23"><span class='ocrx_word' id='word_1_109' title='bbox 201 2264 284 2336; x_wconf 86' lang='lat' dir='ltr'>vitia</span> <span class='ocrx_word' id='word_1_110' title='bbox 296 2266 505 2358; x_wconf 85' lang='lat' dir='ltr'>deploranda</span> <span class='ocrx_word' id='word_1_111' title='bbox 521 2289 561 2338; x_wconf 89' lang='lat' dir='ltr'>ac</span> <span class='ocrx_word' id='word_1_112' title='bbox 573 2268 718 2359; x_wconf 82' lang='lat' dir='ltr'>lugenda</span> <span class='ocrx_word' id='word_1_113' title='bbox 733 2289 808 2339; x_wconf 85' lang='lat' dir='ltr'>esse</span> <span class='ocrx_word' id='word_1_114' title='bbox 818 2267 964 2338; x_wconf 83' lang='lat' dir='ltr'>affirmat</span> <span class='ocrx_word' id='word_1_115' title='bbox 977 2268 1002 2335; x_wconf 72' lang='lat'>².</span> <span class='ocrx_word' id='word_1_116' title='bbox 1019 2267 1111 2338; x_wconf 90' lang='lat' dir='ltr'>Idem</span> <span class='ocrx_word' id='word_1_117' title='bbox 1126 2266 1160 2334; x_wconf 93' lang='lat' dir='ltr'>iu</span> <span class='ocrx_word' id='word_1_118' title='bbox 1178 2263 1243 2334; x_wconf 93' lang='lat' dir='ltr'>Lu·</span> 
     </span>
     <span class='ocr_line' id='line_1_19' title="bbox 202 2381 1242 2475; baseline -0.002 -23"><span class='ocrx_word' id='word_1_119' title='bbox 202 2381 277 2452; x_wconf 87' lang='lat' dir='ltr'>cilio</span> <span class='ocrx_word' id='word_1_120' title='bbox 291 2382 409 2457; x_wconf 87' lang='lat' dir='ltr'>laudet</span> <span class='ocrx_word' id='word_1_121' title='bbox 426 2383 612 2453; x_wconf 88' lang='lat' dir='ltr'>oratorium</span> <span class='ocrx_word' id='word_1_122' title='bbox 630 2384 746 2469; x_wconf 86' lang='lat' dir='ltr'>robur,</span> <span class='ocrx_word' id='word_1_123' title='bbox 766 2394 799 2454; x_wconf 86' lang='lat' dir='ltr'>et</span> <span class='ocrx_word' id='word_1_124' title='bbox 817 2384 970 2475; x_wconf 82' lang='lat' dir='ltr'>vigorem</span> <span class='ocrx_word' id='word_1_125' title='bbox 982 2381 1118 2474; x_wconf 83' lang='lat' dir='ltr'>ingenii,</span> <span class='ocrx_word' id='word_1_126' title='bbox 1141 2402 1242 2472; x_wconf 83' lang='lat' dir='ltr'>gran·</span> 
     </span>
     <span class='ocr_line' id='line_1_20' title="bbox 202 2495 1244 2594; baseline 0 -27"><span class='ocrx_word' id='word_1_127' title='bbox 202 2495 278 2568; x_wconf 88' lang='lat' dir='ltr'>dem</span> <span class='ocrx_word' id='word_1_128' title='bbox 291 2508 324 2568; x_wconf 89' lang='lat' dir='ltr'>et</span> <span class='ocrx_word' id='word_1_129' title='bbox 336 2508 463 2570; x_wconf 89' lang='lat' dir='ltr'>rectam</span> <span class='ocrx_word' id='word_1_130' title='bbox 473 2499 673 2586; x_wconf 90' lang='lat' dir='ltr'>orationem,</span> <span class='ocrx_word' id='word_1_131' title='bbox 685 2500 884 2594; x_wconf 83' lang='lat' dir='ltr'>animosque</span> <span class='ocrx_word' id='word_1_132' title='bbox 892 2499 1067 2571; x_wconf 86' lang='lat' dir='ltr'>facientem</span> <span class='ocrx_word' id='word_1_133' title='bbox 1078 2499 1104 2567; x_wconf 72' lang='lat'>⁸.</span> <span class='ocrx_word' id='word_1_134' title='bbox 1116 2498 1187 2570; x_wconf 87' lang='lat' dir='ltr'>Nec</span> <span class='ocrx_word' id='word_1_135' title='bbox 1194 2519 1244 2568; x_wconf 90' lang='lat' dir='ltr'>re·</span> 
     </span>
     <span class='ocr_line' id='line_1_21' title="bbox 202 2613 1244 2708; baseline 0.002 -26"><span class='ocrx_word' id='word_1_136' title='bbox 202 2613 404 2686; x_wconf 88' lang='lat' dir='ltr'>missiusaut</span> <span class='ocrx_word' id='word_1_137' title='bbox 414 2615 536 2686; x_wconf 85' lang='lat' dir='ltr'>exilius</span> <span class='ocrx_word' id='word_1_138' title='bbox 549 2615 709 2687; x_wconf 89' lang='lat' dir='ltr'>dicebaut</span> <span class='ocrx_word' id='word_1_139' title='bbox 719 2616 870 2708; x_wconf 79' lang='lat' dir='ltr'>magistri</span> <span class='ocrx_word' id='word_1_140' title='bbox 884 2615 931 2686; x_wconf 93' lang='lat' dir='ltr'>illi</span> <span class='ocrx_word' id='word_1_141' title='bbox 940 2637 1085 2708; x_wconf 92' lang='lat' dir='ltr'>quorum</span> <span class='ocrx_word' id='word_1_142' title='bbox 1098 2616 1244 2686; x_wconf 86' lang='lat' dir='ltr'>audaces</span> 
     </span>
     <span class='ocr_line' id='line_1_22' title="bbox 203 2729 1245 2826; baseline 0.003 -28"><span class='ocrx_word' id='word_1_143' title='bbox 203 2729 375 2823; x_wconf 86' lang='lat' dir='ltr'>elatasque</span> <span class='ocrx_word' id='word_1_144' title='bbox 404 2733 585 2804; x_wconf 87' lang='lat' dir='ltr'>sententias</span> <span class='ocrx_word' id='word_1_145' title='bbox 612 2733 798 2820; x_wconf 76' lang='lat' dir='ltr'>attulimuS,</span> <span class='ocrx_word' id='word_1_146' title='bbox 822 2753 978 2826; x_wconf 89' lang='lat' dir='ltr'>quosque</span> <span class='ocrx_word' id='word_1_147' title='bbox 1004 2734 1132 2803; x_wconf 88' lang='lat' dir='ltr'>Seneca</span> <span class='ocrx_word' id='word_1_148' title='bbox 1153 2740 1245 2801; x_wconf 90' lang='lat' dir='ltr'>tanto</span> 
     </span>
     <span class='ocr_line' id='line_1_23' title="bbox 205 2846 1245 2942; baseline 0.002 -28"><span class='ocrx_word' id='word_1_149' title='bbox 205 2846 316 2916; x_wconf 91' lang='lat' dir='ltr'>studio</span> <span class='ocrx_word' id='word_1_150' title='bbox 332 2849 612 2940; x_wconf 88' lang='lat' dir='ltr'>prosequebatur,</span> <span class='ocrx_word' id='word_1_151' title='bbox 633 2861 666 2919; x_wconf 93' lang='lat' dir='ltr'>et</span> <span class='ocrx_word' id='word_1_152' title='bbox 691 2851 785 2920; x_wconf 90' lang='lat' dir='ltr'>velut</span> <span class='ocrx_word' id='word_1_153' title='bbox 801 2849 973 2942; x_wconf 85' lang='lat' dir='ltr'>exemplar</span> <span class='ocrx_word' id='word_1_154' title='bbox 992 2847 1055 2918; x_wconf 92' lang='lat' dir='ltr'>sibi</span> <span class='ocrx_word' id='word_1_155' title='bbox 1079 2867 1245 2942; x_wconf 89' lang='lat' dir='ltr'>propone-</span> 
     </span>
     <span class='ocr_line' id='line_1_24' title="bbox 204 2959 1246 3053; baseline 0.002 -25"><span class='ocrx_word' id='word_1_156' title='bbox 204 2959 275 3030; x_wconf 91' lang='lat' dir='ltr'>bat.</span> <span class='ocrx_word' id='word_1_157' title='bbox 297 2959 388 3049; x_wconf 88' lang='lat' dir='ltr'>ldeo,</span> <span class='ocrx_word' id='word_1_158' title='bbox 408 2964 501 3053; x_wconf 90' lang='lat' dir='ltr'>quod</span> <span class='ocrx_word' id='word_1_159' title='bbox 519 2965 561 3035; x_wconf 93' lang='lat' dir='ltr'>de</span> <span class='ocrx_word' id='word_1_160' title='bbox 579 2962 738 3034; x_wconf 90' lang='lat' dir='ltr'>Cicerone</span> <span class='ocrx_word' id='word_1_161' title='bbox 757 2983 797 3034; x_wconf 89' lang='lat' dir='ltr'>ac</span> <span class='ocrx_word' id='word_1_162' title='bbox 823 2965 949 3034; x_wconf 92' lang='lat' dir='ltr'>Seneca</span> <span class='ocrx_word' id='word_1_163' title='bbox 974 2963 1131 3048; x_wconf 88' lang='lat' dir='ltr'>dicimus,</span> <span class='ocrx_word' id='word_1_164' title='bbox 1157 2959 1246 3034; x_wconf 86' lang='lat' dir='ltr'>etde</span> 
     </span>
    </p>
   </div>
   <div class='ocr_carea' id='block_1_7' title="bbox 189 3074 1247 3170">
    <p class='ocr_par' dir='ltr' id='par_1_8' title="bbox 189 3074 1247 3170">
     <span class='ocr_line' id='line_1_25' title="bbox 189 3074 1247 3170; baseline 0.003 -28"><span class='ocrx_word' id='word_1_165' title='bbox 189 3075 269 3168; x_wconf 86' lang='lat' dir='ltr'>illis</span> <span class='ocrx_word' id='word_1_166' title='bbox 289 3074 354 3146; x_wconf 92' lang='lat' dir='ltr'>dici</span> <span class='ocrx_word' id='word_1_167' title='bbox 378 3087 500 3170; x_wconf 87' lang='lat' dir='ltr'>potest.</span> <span class='ocrx_word' id='word_1_168' title='bbox 520 3079 620 3149; x_wconf 92' lang='lat' dir='ltr'>Haud</span> <span class='ocrx_word' id='word_1_169' title='bbox 638 3079 764 3148; x_wconf 82' lang='lat' dir='ltr'>frustra</span> <span class='ocrx_word' id='word_1_170' title='bbox 783 3077 917 3169; x_wconf 88' lang='lat' dir='ltr'>aliquis,</span> <span class='ocrx_word' id='word_1_171' title='bbox 937 3099 1014 3146; x_wconf 91' lang='lat' dir='ltr'>cum</span> <span class='ocrx_word' id='word_1_172' title='bbox 1031 3076 1074 3146; x_wconf 90' lang='lat' dir='ltr'>de</span> <span class='ocrx_word' id='word_1_173' title='bbox 1087 3075 1247 3146; x_wconf 87' lang='lat' dir='ltr'>Romanis</span> 
     </span>
    </p>
   </div>
   <div class='ocr_carea' id='block_1_8' title="bbox 205 3189 1252 3984">
    <p class='ocr_par' dir='ltr' id='par_1_9' title="bbox 205 3189 1252 3984">
     <span class='ocr_line' id='line_1_26' title="bbox 205 3189 1247 3284; baseline 0.001 -24"><span class='ocrx_word' id='word_1_174' title='bbox 205 3189 415 3284; x_wconf 88' lang='lat' dir='ltr'>philosophis</span> <span class='ocrx_word' id='word_1_175' title='bbox 433 3192 606 3283; x_wconf 85' lang='lat' dir='ltr'>cogitabit,</span> <span class='ocrx_word' id='word_1_176' title='bbox 629 3201 782 3263; x_wconf 89' lang='lat' dir='ltr'>oratores</span> <span class='ocrx_word' id='word_1_177' title='bbox 804 3193 868 3262; x_wconf 93' lang='lat' dir='ltr'>sibi</span> <span class='ocrx_word' id='word_1_178' title='bbox 893 3193 1013 3264; x_wconf 89' lang='lat' dir='ltr'>adesse</span> <span class='ocrx_word' id='word_1_179' title='bbox 1029 3199 1106 3261; x_wconf 90' lang='lat' dir='ltr'>ante</span> <span class='ocrx_word' id='word_1_180' title='bbox 1131 3191 1247 3262; x_wconf 89' lang='lat' dir='ltr'>oculos</span> 
     </span>
     <span class='ocr_line' id='line_1_27' title="bbox 206 3304 1244 3409; baseline 0.001 -35"><span class='ocrx_word' id='word_1_181' title='bbox 206 3304 324 3398; x_wconf 83' lang='lat' dir='ltr'>finget,</span> <span class='ocrx_word' id='word_1_182' title='bbox 337 3321 468 3380; x_wconf 86' lang='lat' dir='ltr'>contra</span> <span class='ocrx_word' id='word_1_183' title='bbox 469 3305 673 3404; x_wconf 84' lang='lat' dir='ltr'>fortunam</span> <span class='ocrx_word' id='word_1_184' title='bbox 684 3305 848 3409; x_wconf 81' lang='lat' dir='ltr'>superbe,</span> <span class='ocrx_word' id='word_1_185' title='bbox 865 3323 994 3381; x_wconf 86' lang='lat' dir='ltr'>contra</span> <span class='ocrx_word' id='word_1_186' title='bbox 1002 3309 1097 3379; x_wconf 78' lang='lat' dir='ltr'>aritia</span> <span class='ocrx_word' id='word_1_187' title='bbox 1107 3329 1244 3406; x_wconf 84' lang='lat' dir='ltr'>aspere,</span> 
     </span>
     <span class='ocr_line' id='line_1_28' title="bbox 207 3420 1249 3518; baseline 0.001 -29"><span class='ocrx_word' id='word_1_188' title='bbox 207 3435 337 3490; x_wconf 88' lang='lat' dir='ltr'>contra</span> <span class='ocrx_word' id='word_1_189' title='bbox 345 3421 517 3518; x_wconf 87' lang='lat' dir='ltr'>pericula</span> <span class='ocrx_word' id='word_1_190' title='bbox 539 3425 714 3510; x_wconf 82' lang='lat' dir='ltr'>animose,</span> <span class='ocrx_word' id='word_1_191' title='bbox 730 3437 860 3494; x_wconf 86' lang='lat' dir='ltr'>eontra</span> <span class='ocrx_word' id='word_1_192' title='bbox 875 3420 1102 3494; x_wconf 84' lang='lat' dir='ltr'>ambitionem</span> <span class='ocrx_word' id='word_1_193' title='bbox 1121 3435 1249 3492; x_wconf 86' lang='lat' dir='ltr'>eonta-</span> 
     </span>
     <span class='ocr_line' id='line_1_29' title="bbox 208 3533 1249 3636; baseline -0.001 -32"><span class='ocrx_word' id='word_1_194' title='bbox 208 3533 350 3606; x_wconf 84' lang='lat' dir='ltr'>meliuse</span> <span class='ocrx_word' id='word_1_195' title='bbox 368 3533 528 3610; x_wconf 86' lang='lat' dir='ltr'>dicentes</span> <span class='ocrx_word' id='word_1_196' title='bbox 538 3571 556 3626; x_wconf 90' lang='lat'><em>;</em></span> <span class='ocrx_word' id='word_1_197' title='bbox 577 3537 621 3609; x_wconf 91' lang='lat' dir='ltr'>ab</span> <span class='ocrx_word' id='word_1_198' title='bbox 639 3539 679 3610; x_wconf 89' lang='lat' dir='ltr'>iis</span> <span class='ocrx_word' id='word_1_199' title='bbox 697 3539 810 3610; x_wconf 89' lang='lat' dir='ltr'>audiet</span> <span class='ocrx_word' id='word_1_200' title='bbox 833 3539 1029 3611; x_wconf 77' lang='lat' dir='ltr'>luxuriam</span> <span class='ocrx_word' id='word_1_201' title='bbox 1045 3534 1249 3636; x_wconf 75' lang='lat' dir='ltr'>objurgari,</span> 
     </span>
     <span class='ocr_line' id='line_1_30' title="bbox 208 3647 1252 3754; baseline 0 -34"><span class='ocrx_word' id='word_1_202' title='bbox 208 3647 391 3721; x_wconf 82' lang='lat' dir='ltr'>libidinem</span> <span class='ocrx_word' id='word_1_203' title='bbox 403 3651 567 3741; x_wconf 85' lang='lat' dir='ltr'>traduci,</span> <span class='ocrx_word' id='word_1_204' title='bbox 575 3657 817 3754; x_wconf 84' lang='lat' dir='ltr'>impotentiam</span> <span class='ocrx_word' id='word_1_205' title='bbox 818 3652 959 3752; x_wconf 81' lang='lat' dir='ltr'>frangi</span> <span class='ocrx_word' id='word_1_206' title='bbox 964 3690 981 3742; x_wconf 89' lang='lat'>,·</span> <span class='ocrx_word' id='word_1_207' title='bbox 995 3656 1124 3748; x_wconf 88' lang='lat' dir='ltr'>eritque</span> <span class='ocrx_word' id='word_1_208' title='bbox 1133 3673 1252 3724; x_wconf 88' lang='lat' dir='ltr'>eorum</span> 
     </span>
     <span class='ocr_line' id='line_1_31' title="bbox 208 3765 1252 3868; baseline 0.001 -32"><span class='ocrx_word' id='word_1_209' title='bbox 208 3765 390 3863; x_wconf 90' lang='lat' dir='ltr'>disputatio</span> <span class='ocrx_word' id='word_1_210' title='bbox 402 3772 674 3859; x_wconf 80' lang='lat' dir='ltr'>oratorieacris,</span> <span class='ocrx_word' id='word_1_211' title='bbox 690 3775 831 3868; x_wconf 79' lang='lat' dir='ltr'>tragice</span> <span class='ocrx_word' id='word_1_212' title='bbox 841 3768 1012 3868; x_wconf 82' lang='lat' dir='ltr'>grandir,</span> <span class='ocrx_word' id='word_1_213' title='bbox 1024 3774 1156 3840; x_wconf 86' lang='lat' dir='ltr'>comice</span> <span class='ocrx_word' id='word_1_214' title='bbox 1167 3770 1252 3838; x_wconf 80' lang='lat' dir='ltr'>exi-</span> 
     </span>
     <span class='ocr_line' id='line_1_32' title="bbox 209 3878 1251 3984; baseline 0.002 -34"><span class='ocrx_word' id='word_1_215' title='bbox 209 3878 290 3951; x_wconf 81' lang='lat' dir='ltr'>lir⁴.</span> <span class='ocrx_word' id='word_1_216' title='bbox 308 3883 466 3973; x_wconf 82' lang='lat' dir='ltr'>Eosdem,</span> <span class='ocrx_word' id='word_1_217' title='bbox 484 3885 511 3954; x_wconf 91' lang='lat' dir='ltr'>si</span> <span class='ocrx_word' id='word_1_218' title='bbox 527 3886 619 3975; x_wconf 89' lang='lat' dir='ltr'>libet,</span> <span class='ocrx_word' id='word_1_219' title='bbox 637 3881 781 3958; x_wconf 78' lang='lat' dir='ltr'>athletis</span> <span class='ocrx_word' id='word_1_220' title='bbox 793 3881 1146 3984; x_wconf 81' lang='lat' dir='ltr'>autgladiatoribas</span> <span class='ocrx_word' id='word_1_221' title='bbox 1159 3883 1251 3956; x_wconf 89' lang='lat' dir='ltr'>simi·</span> 
     </span>
    </p>
   </div>
   <div class='ocr_carea' id='block_1_9' title="bbox 212 4050 1255 4302">
    <p class='ocr_par' dir='ltr' id='par_1_10' title="bbox 212 4050 1255 4302">
     <span class='ocr_line' id='line_1_33' title="bbox 248 4050 446 4113; baseline 0.015 -12"><span class='ocrx_word' id='word_1_222' title='bbox 248 4050 254 4076; x_wconf 87' lang='lat'><strong>¹</strong></span> <span class='ocrx_word' id='word_1_223' title='bbox 273 4053 321 4113; x_wconf 77' lang='lat' dir='ltr'>Ep.</span> <span class='ocrx_word' id='word_1_224' title='bbox 337 4071 446 4106; x_wconf 80' lang='lat' dir='ltr'>muru.</span> 
     </span>
     <span class='ocr_line' id='line_1_34' title="bbox 247 4135 1255 4212; baseline 0 -20"><span class='ocrx_word' id='word_1_225' title='bbox 247 4135 384 4203; x_wconf 82' lang='lat' dir='ltr'>²lbmul.‚</span> <span class='ocrx_word' id='word_1_226' title='bbox 394 4159 412 4200; x_wconf 85' lang='lat'>1,</span> <span class='ocrx_word' id='word_1_227' title='bbox 422 4140 502 4193; x_wconf 62' lang='lat' dir='ltr'>Ml.—</span> <span class='ocrx_word' id='word_1_228' title='bbox 509 4139 548 4195; x_wconf 78' lang='lat' dir='ltr'>De</span> <span class='ocrx_word' id='word_1_229' title='bbox 556 4138 631 4198; x_wconf 76' lang='lat' dir='ltr'>brev.</span> <span class='ocrx_word' id='word_1_230' title='bbox 641 4141 704 4204; x_wconf 70' lang='lat' dir='ltr'>vib,</span> <span class='ocrx_word' id='word_1_231' title='bbox 712 4163 775 4198; x_wconf 53' lang='grc' dir='ltr'>κ·-</span> <span class='ocrx_word' id='word_1_232' title='bbox 782 4147 864 4208; x_wconf 78' lang='lat' dir='ltr'>Epist.</span> <span class='ocrx_word' id='word_1_233' title='bbox 873 4163 982 4212; x_wconf 78' lang='lat' dir='ltr'>muru,</span> <span class='ocrx_word' id='word_1_234' title='bbox 991 4161 1102 4198; x_wconf 76' lang='lat' dir='ltr'>amun.</span> <span class='ocrx_word' id='word_1_235' title='bbox 1114 4145 1255 4196; x_wconf 72' lang='lat' dir='ltr'>«Putemus</span> 
     </span>
     <span class='ocr_line' id='line_1_35' title="bbox 212 4227 1255 4302; baseline 0.008 -24"><span class='ocrx_word' id='word_1_236' title='bbox 212 4240 259 4279; x_wconf 80' lang='lat' dir='ltr'>noe</span> <span class='ocrx_word' id='word_1_237' title='bbox 273 4227 304 4278; x_wconf 85' lang='lat' dir='ltr'>ad</span> <span class='ocrx_word' id='word_1_238' title='bbox 319 4229 468 4280; x_wconf 86' lang='lat' dir='ltr'>concionem</span> <span class='ocrx_word' id='word_1_239' title='bbox 481 4229 614 4283; x_wconf 81' lang='lat' dir='ltr'>vocatus...</span> <span class='ocrx_word' id='word_1_240' title='bbox 624 4234 690 4289; x_wconf 80' lang='lat' dir='ltr'>vide</span> <span class='ocrx_word' id='word_1_241' title='bbox 707 4239 827 4297; x_wconf 80' lang='lat' dir='ltr'>preterea</span> <span class='ocrx_word' id='word_1_242' title='bbox 842 4237 893 4302; x_wconf 77' lang='lat' dir='ltr'>Ep.</span> <span class='ocrx_word' id='word_1_243' title='bbox 906 4254 1003 4288; x_wconf 80' lang='lat' dir='ltr'>mxru</span> <span class='ocrx_word' id='word_1_244' title='bbox 1014 4274 1023 4301; x_wconf 94' lang='lat'>,</span> <span class='ocrx_word' id='word_1_245' title='bbox 1034 4253 1153 4296; x_wconf 73' lang='lat' dir='ltr'>unua,</span> <span class='ocrx_word' id='word_1_246' title='bbox 1168 4251 1255 4286; x_wconf 80' lang='lat' dir='ltr'>xumr.</span> 
     </span>
    </p>
   </div>
   <div class='ocr_carea' id='block_1_10' title="bbox 212 4316 1206 4469">
    <p class='ocr_par' dir='ltr' id='par_1_11' title="bbox 212 4316 1206 4469">
     <span class='ocr_line' id='line_1_36' title="bbox 212 4316 1206 4390; baseline 0.016 -24"><span class='ocrx_word' id='word_1_247' title='bbox 212 4316 239 4366; x_wconf 82' lang='lat' dir='ltr'>si</span> <span class='ocrx_word' id='word_1_248' title='bbox 251 4329 392 4379; x_wconf 87' lang='lat' dir='ltr'>possumus,</span> <span class='ocrx_word' id='word_1_249' title='bbox 404 4317 491 4367; x_wconf 85' lang='lat' dir='ltr'>lortius</span> <span class='ocrx_word' id='word_1_250' title='bbox 508 4317 656 4388; x_wconf 86' lang='lat' dir='ltr'>loquumur;</span> <span class='ocrx_word' id='word_1_251' title='bbox 673 4323 712 4376; x_wconf 87' lang='lat' dir='ltr'>siu</span> <span class='ocrx_word' id='word_1_252' title='bbox 729 4323 828 4386; x_wconf 88' lang='lat' dir='ltr'>miuus,</span> <span class='ocrx_word' id='word_1_253' title='bbox 844 4323 964 4388; x_wconf 75' lang='lat' dir='ltr'>apertus.</span> <span class='ocrx_word' id='word_1_254' title='bbox 979 4339 995 4378; x_wconf 78' lang='lat' dir='ltr'>n</span> <span class='ocrx_word' id='word_1_255' title='bbox 1008 4323 1067 4390; x_wconf 82' lang='lat' dir='ltr'>(Ep.</span> <span class='ocrx_word' id='word_1_256' title='bbox 1079 4317 1206 4390; x_wconf 68' lang='lat' dir='ltr'>rmus.)</span> 
     </span>
     <span class='ocr_line' id='line_1_37' title="bbox 251 4403 516 4469; baseline 0.019 -14"><span class='ocrx_word' id='word_1_257' title='bbox 251 4403 259 4432; x_wconf 77' lang='lat'>³</span> <span class='ocrx_word' id='word_1_258' title='bbox 278 4405 360 4469; x_wconf 75' lang='lat' dir='ltr'>Epist.</span> <span class='ocrx_word' id='word_1_259' title='bbox 373 4423 432 4468; x_wconf 82' lang='lat' dir='ltr'>nx,</span> <span class='ocrx_word' id='word_1_260' title='bbox 448 4424 516 4460; x_wconf 79' lang='lat' dir='ltr'>xuvr.</span> 
     </span>
    </p>
   </div>
   <div class='ocr_carea' id='block_1_11' title="bbox 250 4492 363 4556">
    <p class='ocr_par' dir='ltr' id='par_1_12' title="bbox 250 4492 363 4556">
     <span class='ocr_line' id='line_1_38' title="bbox 250 4492 363 4556; baseline 0.009 -13"><span class='ocrx_word' id='word_1_261' title='bbox 250 4492 257 4518; x_wconf 87' lang='lat'><strong>⁴</strong></span> <span class='ocrx_word' id='word_1_262' title='bbox 277 4495 325 4556; x_wconf 81' lang='lat' dir='ltr'>Ep.</span> <span class='ocrx_word' id='word_1_263' title='bbox 341 4513 363 4544; x_wconf 89' lang='lat' dir='ltr'>o.</span> 
     </span>
    </p>
   </div>
   <div class='ocr_carea' id='block_1_12' title="bbox 1269 1232 1396 1336">
    <p class='ocr_par' dir='ltr' id='par_1_13' title="bbox 1269 1232 1396 1336">
     <span class='ocr_line' id='line_1_39' title="bbox 1277 1232 1385 1281; baseline -0.037 0"><span class='ocrx_word' id='word_1_264' title='bbox 1277 1232 1385 1281; x_wconf 77' lang='lat' dir='ltr'>Cunciom</span> 
     </span>
     <span class='ocr_line' id='line_1_40' title="bbox 1269 1287 1396 1336; baseline -0.031 0"><span class='ocrx_word' id='word_1_265' title='bbox 1269 1287 1396 1336; x_wconf 72' lang='lat' dir='ltr'>cohortatio.</span> 
     </span>
    </p>
   </div>
   <div class='ocr_carea' id='block_1_13' title="bbox 0 0 1609 5158">
    <p class='ocr_par' dir='ltr' id='par_1_14' title="bbox 0 0 1609 5158">
     <span class='ocr_line' id='line_1_41' title="bbox 0 0 1609 5158; baseline 0 0"><span class='ocrx_word' id='word_1_266' title='bbox 0 0 1609 5158; x_wconf 95' lang='lat' dir='ltr'> </span> 
     </span>
    </p>
   </div>
  </div>
 </body>
</html>
