3158 5158
601 460 743 516 -91..

6 665 7 670 Ν
160 589 311 662 carmina
338 588 504 678 recitanti,
531 589 636 660 verba
665 588 888 662 convolvebat
909 608 1034 682 magno
1048 609 1151 664 cursu
1171 595 1199 682 ¹,

6 703 8 798 j
160 703 513 799 supplodebatpedem
528 711 561 774 et
576 705 716 776 brachia
727 704 878 795 J'actahat
891 707 919 794 ²,
932 725 1099 800 auresque
1111 709 1196 780 otio-

6 805 8 850 ⁵
159 843 273 894 sorum
292 820 389 891 varia
409 826 441 889 et
457 819 597 890 volubili
615 821 765 892 oratioue
785 822 955 893 detinebat
966 823 994 890 ³.
1011 822 1050 892 ld
1063 819 1199 916 quidem

156 936 258 1008 fiebat
274 936 309 1005 in
327 935 452 1006 scholis
466 934 705 1007 circulatorum
718 936 873 1025 istorum,
889 937 932 1008 de
953 936 1078 1030 quibus
1096 939 1199 1011 modo

158 1053 285 1124 dictum
301 1060 365 1140 est,
387 1059 423 1120 at
436 1072 517 1140 non,
529 1061 567 1122 ut
580 1051 711 1145 opinor,
727 1053 819 1146 apud
837 1051 1066 1126 sanctissimos
1080 1063 1114 1125 el
1126 1076 1199 1126 mo-

158 1167 368 1240 destissimos
388 1167 480 1238 viros
503 1188 595 1260 quos
614 1169 741 1240 Seneca
760 1168 887 1240 audiit:
914 1191 1061 1262 namque
1079 1170 1201 1242 horum

157 1302 299 1372 morem,
317 1283 454 1376 plenum
470 1283 660 1375 gravitatis,
674 1293 862 1355 ceterorum
877 1285 1005 1356 levitati
1019 1286 1161 1380 opponit
1171 1287 1199 1355 ⁴.

158 1401 260 1492 AEgre
275 1398 403 1470 ferebat
422 1399 550 1470 Seneca
565 1398 666 1472 istam
679 1423 799 1493 parum
817 1400 990 1473 decentem
1004 1410 1038 1473 ei
1056 1401 1202 1495 philoso-

159 1501 303 1610 phorum
326 1513 547 1586 ambitionem
571 1525 604 1586 et
622 1517 833 1588 audientium
853 1517 1076 1590 alacritatem.
1097 1517 1202 1591 Aliter

163 1631 198 1700 in
212 1631 343 1702 theatro
364 1629 596 1723 plaudendum
614 1653 691 1703 csse
704 1632 851 1718 dicebat,
872 1633 967 1704 aliter
983 1633 1019 1702 in
1038 1633 1153 1705 schola
1171 1636 1198 1704 ⁵.

162 1747 252 1816 idem
270 1746 434 1817 sentiebat
450 1748 638 1835 lllusouiuS,
652 1751 724 1840 ejus
736 1752 879 1844 aequalis
893 1747 1127 1844 philosophus
1143 1750 1201 1843 qni

162 1861 330 1955 disputare
353 1861 541 1952 desinebat,
564 1864 622 1934 ubi
646 1866 809 1937 clamores
832 1865 986 1959 discipuli
1009 1865 1194 1938 tollebant:

164 1978 357 2050 «Similem
392 2000 468 2049 esse
504 1979 745 2074 philosophum
771 1982 905 2069 medici,
941 1981 1072 2070 aiebat;
1104 1981 1196 2069 ideo,

158 2203 204 2264 put
218 2199 362 2249 mirantium
376 2200 449 2250 turha
460 2199 573 2250 consistit
588 2211 596 2250 t
611 2212 664 2250 uon
684 2201 799 2252 laudatur
810 2201 853 2252 ille
866 2215 950 2264 nuuc,
964 2202 985 2252 si
997 2201 1139 2266 intelligas,
1154 2202 1200 2252 aad

159 2289 338 2340 conclamatur.
351 2303 367 2340 tr
382 2284 440 2357 (Ep.
452 2284 507 2354 mr.)

196 2394 203 2421 ¹
220 2412 233 2444 u
247 2397 353 2446 Audisse
366 2401 390 2446 te
401 2397 488 2447 scribis
498 2396 660 2458 Serapionem
676 2397 863 2460 philosophum,
877 2411 934 2448 cum
947 2399 1011 2448 istuc
1021 2398 1195 2461 applicuisset,

157 2485 240 2536 solere
255 2499 346 2548 magno
361 2498 433 2535 cursu
447 2485 523 2536 verba
535 2485 702 2548 convolvere,
716 2499 771 2548 qua
783 2500 835 2536 uon
850 2486 958 2537 ehrrndit
970 2501 1031 2552 uua,
1045 2488 1089 2538 sed
1105 2477 1198 2550 premit

158 2579 184 2625 et
197 2579 300 2636 urget...
313 2575 361 2623 hcc
372 2587 422 2624 uon
434 2575 512 2636 probo
525 2575 550 2623 iu
566 2575 724 2638 philosopho,
736 2579 806 2639 cujus
821 2576 992 2638 pronuntiatio
1003 2589 1116 2642 quoque,
1131 2577 1195 2627 sicut

159 2663 218 2724 vita,
233 2663 309 2713 dehet
324 2675 378 2714 esse
389 2664 535 2726 composita.
549 2679 564 2715 n
582 2665 637 2727 (Ep.
653 2663 707 2730 xr..)

195 2767 204 2797 ²
222 2783 237 2818 u
247 2771 331 2820 Etiam
345 2769 366 2820 si
392 2770 560 2838 disputarem,
572 2784 619 2821 uec
632 2771 808 2834 supploderem
826 2772 933 2834 pedem,
946 2783 993 2822 uec
1006 2783 1110 2822 manum
1120 2773 1201 2834 jacta·

159 2872 224 2922 rcm,
238 2871 285 2908 uec
298 2858 438 2908 attollerem
454 2872 558 2923 vocem,
580 2860 624 2910 sed
646 2861 693 2910 ista
711 2861 850 2910 oratoribus
872 2860 1047 2924 reliquissem,
1067 2865 1200 2911 contentus

159 2961 248 3000 sensus
271 2959 341 2996 meus
365 2946 396 2996 ad
417 2951 442 2997 te
457 2947 606 3008 pertulisse,
623 2962 685 3010 quos
707 2962 754 2999 nec
773 2961 914 3013 ornassem,
933 2962 981 2999 nec
1003 2949 1160 3010 abjecissem.
1184 2963 1199 2999 u

160 3039 217 3104 [Ep.
234 3032 324 3100 cxxv.)
647 3037 652 3042 ⁴

195 3143 204 3172 ⁸
221 3163 233 3189 u
246 3145 330 3195 Verba
340 3143 415 3193 rebus
427 3143 514 3204 proha.
530 3143 606 3194 Aliud
617 3143 771 3206 propositum
790 3147 828 3194 est
840 3144 1057 3204 declamantibus,
1078 3149 1103 3194 et
1114 3157 1201 3194 asseu-

160 3235 255 3285 tlonem
269 3246 368 3284 corona
379 3233 548 3295 captantibus,
563 3233 632 3283 aliud
644 3233 683 3281 his
693 3233 736 3296 qui
745 3235 867 3296 juvenum
882 3239 907 3284 et
917 3235 1052 3284 otiosorum
1067 3247 1139 3284 aures
1150 3234 1201 3284 dis·

160 3323 290 3387 putatione
311 3323 379 3372 varia
402 3326 445 3372 aut
467 3321 573 3372 volubili
588 3323 713 3373 detinent.
741 3325 833 3373 Facere
858 3323 930 3373 docet
949 3321 1124 3384 philosophia,
1148 3335 1200 3373 non

162 3411 254 3462 dicere.
278 3430 291 3455 n
301 3409 359 3476 (Ep.
373 3406 432 3478 xx.)

198 3519 276 3579 'Ep
300 3535 344 3566 mr.
364 3543 398 3552 -
424 3533 437 3560 a
460 3514 607 3565 Disserebat
626 3514 718 3577 populo
744 3514 888 3576 Fabianus,
907 3513 952 3564 sed
973 3512 1121 3563 audiebatur
1143 3526 1201 3564 mo-

162 3606 242 3663 deste,
254 3611 325 3657 etc...
340 3621 355 3655 u
368 3609 442 3655 -ln
456 3605 548 3655 Graecis
559 3605 624 3654 hane
639 3603 766 3654 licentiam
779 3603 898 3653 tuleris...
913 3605 1040 3653 Romanus
1051 3615 1133 3653 sermo
1145 3616 1201 3654 ura·

162 3697 199 3758 gis
212 3707 238 3744 se
250 3693 420 3756 circumspicit
430 3698 455 3744 ct
466 3695 582 3752 estimat,
597 3699 622 3743 et
632 3693 727 3755 prabet
738 3693 924 3742 estimandum.
940 3711 951 3735 »
967 3690 1024 3756 (Ep.
1040 3690 1096 3755 xi.)

199 3798 266 3862 ⁵Ep.
283 3819 326 3852 uu.
340 3825 375 3836 —-
389 3803 478 3863 Leges,
493 3813 593 3862 queso,
614 3800 646 3850 de
665 3812 695 3850 ea
707 3811 733 3849 re
743 3802 866 3861 precepta
880 3811 935 3860 que
952 3799 1002 3860 Ep.
1016 3817 1048 3848 ιι
1067 3802 1092 3848 et
1104 3799 1152 3860 Ep.
1168 3817 1201 3848 uu

162 3891 336 3941 continentur.
351 3892 381 3939 lu
400 3891 448 3940 hoc
466 3903 522 3940 curu
543 3890 673 3953 Epicureis
687 3888 794 3939 iaciebat
811 3889 906 3938 Seneca
922 3900 1000 3938 :nam
1024 3887 1075 3946 isti,
1095 3892 1124 3937 ut
1135 3886 1202 3949 apud

162 3979 338 4030 Philodamum
356 3978 442 4027 videre
458 3983 509 4036 ast,
527 3979 680 4028 rhetoricum
699 3976 799 4027 dicendi
814 3989 893 4038 genus
912 3975 985 4026 valde
1001 3975 1203 4035 aspernabantur

163 4074 189 4119 ct
200 4069 311 4116 rhetores
324 4066 390 4128 ipsos
405 4065 563 4124 deridebant:
579 4080 622 4116 eos
636 4070 705 4116 vocat
716 4065 880 4116 Philodemus
893 4059 1023 4114 stolidum
1033 4065 1057 4114 ct
1069 4062 1201 4131 plapucm

163 4151 290 4216 turbam,
310 4156 356 4202 τῶν
374 4153 396 4202 ἐν
417 4156 450 4220 τῷ
462 4157 571 4221 πολιτικῷ
585 4150 638 4204 τάδε
657 4158 703 4203 τῶν
714 4151 854 4220 παχυτέρων
868 4153 963 4208 πλῆθος.
977 4175 990 4194 a
1002 4179 1035 4188 -
1048 4152 1128 4212 Alias,
1150 4153 1197 4203 its·

165 4249 223 4297 dem
233 4246 285 4295 iere
293 4245 375 4295 verbis
385 4257 415 4294 ao
423 4245 519 4295 seneca
527 4244 557 4294 de
566 4244 735 4308 actioneque
746 4242 923 4306 philosophum
934 4241 1015 4300 decet,
1024 4242 1074 4291 ait:
1085 4263 1097 4282 «
1106 4236 1155 4289 Καὶ
1168 4243 1201 4307 τῷ

166 4336 264 4401 σοφιστῇ
272 4329 389 4400 διαφόρως
400 4328 483 4400 πρᾶξις
490 4329 609 4400 προσήκει,
619 4331 736 4400 φιλοσόφῳ
744 4325 767 4380 δ’
776 4330 854 4399 ἑτέρα.
862 4354 874 4373 u
882 4330 1018 4397 (Rhetorlc.
1027 4331 1145 4384 Column.
1155 4349 1199 4394 xx,

166 4427 205 4480 eh.
217 4427 243 4476 2.
256 4451 287 4462 -
298 4425 417 4475 column.
431 4443 484 4484 xxi,
500 4423 540 4474 ch·
554 4419 592 4488 ὅ.)
