3168 5150
694 417 727 426 ..
748 390 766 442 5
784 416 820 428 .-

231 509 331 579 lluxit
350 512 535 600 rusticitas
562 523 763 606 augescente
784 515 910 586 indies
936 514 1125 584 liberalium
1148 513 1272 583 artium

231 647 358 697 amore.
387 629 486 712 Quod
510 628 553 699 ad
577 629 789 700 efficiendum
810 630 908 700 simul
933 629 1103 700 contulere
1117 643 1150 698 et
1166 629 1272 720 ipsius

230 741 397 814 Ciceronis
416 744 506 829 libri,
523 767 801 837 summorumque
814 747 965 818 virorum
980 745 1148 837 exempla,
1167 752 1200 816 et
1212 767 1273 816 sa·-

229 857 374 950 pientior
388 879 429 928 ac
442 859 576 953 politior
587 860 622 930 in
640 861 712 932 dies
729 862 904 932 hominum
920 860 1185 931 adolescentium
1197 865 1272 930 ani-

229 993 320 1059 mus,
351 973 497 1066 denique
528 975 731 1067 gravissima
758 999 869 1046 rerum
898 974 1038 1045 mutatio
1067 995 1146 1065 quae
1174 974 1272 1044 bellis

229 1086 385 1158 civilibus
409 1098 442 1158 et
460 1091 610 1160 externis
630 1088 732 1161 finem
746 1091 918 1183 imposuit.

278 1203 460 1296 Postquam
473 1227 528 1276 res
542 1208 685 1276 urbanae
698 1216 837 1278 mutatae
857 1216 935 1277 sunt
953 1209 1035 1278 etin
1049 1227 1173 1277 novam
1188 1204 1270 1275 civi·

228 1318 306 1390 tatis
319 1320 462 1389 sormam
473 1321 633 1409 redactae,
651 1322 732 1391 nihil
740 1323 813 1413 jam
825 1332 898 1394 erat
913 1322 1007 1416 quod
1020 1321 1166 1415 optimus
1177 1321 1271 1414 quis·

227 1456 294 1526 que
311 1435 485 1527 sapientiae
504 1446 733 1530 anteponeret.
759 1438 847 1508 Nam
867 1438 934 1508 illae
953 1436 1181 1530 imperatoriae
1197 1435 1271 1506 lau-

226 1549 288 1620 des
310 1560 343 1621 et
363 1559 478 1642 togata
498 1552 699 1644 eloquentiae
722 1554 843 1644 gloria,
869 1553 994 1646 quibus
1013 1553 1094 1623 olim
1115 1551 1265 1622 animam

225 1667 422 1760 impendere
440 1666 601 1738 decorum
615 1668 690 1756 fuit,
708 1668 807 1738 simul
820 1669 1049 1756 conciderant,
1067 1678 1100 1739 et
1112 1668 1269 1737 inlocum

226 1782 391 1853 bellorum
412 1804 452 1853 ac
472 1782 689 1871 seditionum,
709 1785 838 1856 tamdiu
858 1783 1092 1876 strepentium,
1121 1783 1271 1853 subierat

226 1898 293 1969 alia
313 1899 451 1970 vivendi
474 1900 633 1990 conditio,
660 1901 843 1994 plurimum
865 1900 938 1988 otii,
958 1922 1090 1971 summa
1110 1921 1269 1970 curarum

226 2015 335 2106 quiea,
356 2026 391 2088 et
404 2016 594 2087 animorum
613 2017 778 2088 remissio.
799 2017 919 2108 Igitur,
940 2017 1033 2109 quod
1050 2016 1131 2086 olim
1146 2015 1269 2086 identi-

225 2131 304 2202 dem
319 2142 522 2224 arrcptaque
534 2133 710 2202 occasione
728 2131 842 2220 fiebat,
860 2141 940 2201 tune
959 2133 994 2200 in
1013 2153 1142 2202 morem
1157 2131 1268 2221 quoti-

226 2245 366 2316 dianum
380 2255 414 2316 et
426 2247 460 2315 in
474 2247 583 2339 ipsam
595 2247 734 2317 vivendi
746 2247 910 2318 rationem
929 2247 1030 2316 cessit
1044 2271 1051 2314 :
1068 2255 1268 2339 perpetuum

224 2361 331 2432 otium
349 2374 512 2453 perpetuo
526 2361 700 2455 sapientiae
713 2361 824 2431 studio
841 2361 1017 2431 addixere.
1034 2361 1215 2432 UtSeneca
1226 2361 1268 2431 de

223 2478 271 2548 Μ.
294 2477 452 2546 Marcello
467 2487 596 2562 narrat,
611 2479 758 2569 quicum
773 2477 942 2570 Mitylenis
961 2478 1146 2566 exsularet,
1169 2476 1267 2547 lrcnis

224 2593 355 2664 artibus
376 2592 526 2664 animum
551 2586 735 2681 reficiebat,
765 2594 810 2664 ita
836 2593 952 2684 magni
977 2603 1010 2662 et
1029 2592 1162 2663 honesti
1186 2593 1264 2678 viri,

223 2706 366 2803 publicis
383 2708 581 2778 muneribus
599 2709 741 2796 exclusi,
759 2719 791 2779 et
812 2709 939 2778 urbein
951 2709 1024 2802 ipsa
1043 2708 1136 2777 velut
1148 2707 1181 2776 in
1192 2705 1267 2776 fini-

223 2825 288 2894 hus
308 2825 492 2919 peregrinis
509 2827 713 2913 exsulantes
727 2833 939 2896 secesserunt
948 2825 994 2894 ad
1006 2823 1184 2894 colendum
1199 2825 1267 2894 ani·

224 2963 318 3011 mum
342 2941 621 3034 tractandumque
653 2963 787 3011 morum
816 2941 989 3010 scientiam
1010 2942 1034 3008 ¹.
1059 2939 1148 3022 Quid
1175 2940 1266 3010 enim

224 3056 391 3148 reliquum
406 3067 480 3128 erat
496 3057 588 3148 quod
605 3078 663 3126 eos
678 3056 879 3146 abduceret,
902 3055 1093 3147 quidquod
1109 3055 1200 3126 clara
1213 3055 1265 3124 in·

224 3176 323 3268 genia
345 3176 555 3268 virtutesque
574 3176 740 3267 egregiae,
776 3197 837 3266 spe
859 3174 1005 3266 ingentis
1025 3173 1157 3266 praemii
1188 3195 1266 3266 pro·

222 3292 344 3386 posita,
369 3293 538 3363 alliceret?
559 3292 704 3384 Nempe,
728 3292 770 3362 de
789 3289 966 3360 stillicidiis
988 3309 1128 3359 causam
1147 3310 1261 3380 agere,

222 3416 282 3476 aut
300 3409 445 3500 superba
463 3417 561 3500 poten
568 3406 648 3477 tium
664 3406 780 3476 limina
789 3405 958 3492 obsidere,
980 3414 1038 3475 aut
1049 3405 1140 3495 gulae
1150 3413 1183 3474 et
1198 3425 1264 3497 ga-

223 3543 299 3593 neae
318 3545 354 3594 se
376 3523 550 3594 dedere2?
579 3522 667 3592 lnter
680 3522 794 3592 omnia
815 3530 920 3592 strata
933 3520 1029 3590 humi
1042 3542 1082 3590 ac
1093 3521 1262 3613 perculsa,

223 3639 314 3707 stetit
334 3661 440 3708 unum
459 3638 634 3731 sapientiae
659 3637 825 3727 studium3
847 3637 912 3707 hoe
939 3636 1070 3707 animos
1092 3637 1201 3707 erexit
1225 3659 1266 3708 ac

224 3754 377 3841 sustulit3
409 3754 474 3824 hoc
497 3776 559 3848 pro
579 3753 780 3844 gravissimo
798 3753 1010 3846 maximique
1029 3752 1189 3822 momenti
1208 3775 1266 3823 ne-

223 3870 314 3961 gotio
326 3869 407 3961 luit;
421 3868 500 3940 huic
515 3891 596 3940 cura
611 3871 797 3962 praecipua,
814 3892 967 3941 summus
984 3870 1093 3941 honor
1107 3869 1262 3960 habitus3

261 4088 268 4116 ¹
287 4092 365 4140 cons.
376 4089 407 4140 ad
420 4090 546 4151 Helviam,
561 4090 588 4141 9.

260 4177 269 4205 ²
291 4195 305 4226 «
319 4179 422 4229 Pulsate
441 4181 561 4243 superbas
579 4181 749 4242 potentiorum
769 4181 849 4243 tores,
874 4181 988 4244 digerere
1006 4181 1033 4230 in
1056 4180 1164 4230 litteram
1192 4191 1265 4231 senes

225 4269 310 4328 orbos,
330 4267 468 4330 plurimum
489 4268 516 4318 ln
534 4270 588 4319 loro
605 4283 689 4332 posse,
707 4269 831 4320 invidiosa
852 4271 965 4333 potentia
984 4283 1013 4322 ac
1029 4270 1112 4326 brevis
1130 4271 1178 4330 est,
1199 4273 1234 4335 et,
1246 4269 1266 4323 si

225 4369 313 4414 verum
326 4357 445 4425 estimes,
458 4357 568 4412 sordida.
581 4373 596 4413 a
610 4361 657 4425 Ep.
674 4377 766 4424 oxvut,
783 4358 825 4414 15.
