3158 5158
622 453 780 510 ...107-

195 601 213 638 ‚›
240 593 307 668 que
319 576 465 647 moriare
479 578 591 671 potius
609 599 714 672 quam
730 579 917 674 quidquam
930 577 1088 650 indecore
1101 573 1230 649 admit»-

191 713 209 758 »
239 701 301 762 tas.
313 691 490 763 Luxuria
506 717 588 766 vero
602 696 650 768 sic
665 699 806 770 suadet:
823 696 907 783 Ede,
922 715 997 766 cum
1012 693 1105 781 libet,
1121 691 1230 786 quod·

193 837 209 870 a
240 829 385 900 cumque
406 809 466 880 tibi
490 812 730 884 suavissimum
750 812 863 884 inierit.
885 811 1038 882 Placetne
1060 809 1162 881 vicini
1180 807 1230 880 tul

192 952 209 986 »
236 923 581 996 uxorlmiscerccum
594 927 845 1019 ipsaPecuuds
860 925 1226 1020 cgeslacclpemutuo.

191 1066 208 1102 n
236 1039 411 1110 Mutuatus
424 1061 492 1111 non
507 1057 603 1135 potes
622 1043 788 1115 reddere?
806 1043 890 1113 nihil
909 1043 1050 1115 reddito.
1067 1041 1142 1112 Nou
1158 1061 1230 1111 cre·

190 1183 208 1218 »
236 1157 317 1227 dent
331 1155 390 1226 tibi
404 1157 550 1250 amplius
564 1159 609 1228 ad
622 1167 739 1230 mutuo
753 1158 924 1230 dandum?
941 1157 1063 1251 Rapite
1076 1155 1103 1224 ¹.
1128 1183 1145 1220 >i

192 1289 194 1294 ·
235 1272 429 1343 Demetrius
451 1273 611 1346 Thraseae
630 1277 798 1370 supremis
821 1277 941 1362 adluit,
967 1276 1157 1366 fortemque
1177 1274 1229 1343 vi·

187 1411 263 1459 rum
278 1387 568 1462 cohortationibus
581 1414 621 1462 ac
635 1394 810 1486 praeclaris
828 1392 872 1464 de
888 1391 1079 1462 animorum
1095 1389 1231 1460 aeterni-

187 1512 257 1575 tate
268 1503 555 1597 disputationibus
568 1505 782 1580 oonfirmavit
795 1510 821 1578 ².
837 1509 959 1578 Postea
973 1506 1117 1577 Neronis
1130 1506 1230 1596 jussu

185 1621 293 1692 Roma
306 1623 433 1712 ejectus
452 1631 514 1713 est,
536 1626 629 1716 quod
641 1626 768 1697 Caesari
786 1623 1006 1719 responderat
1023 1648 1032 1693 :
1049 1651 1066 1687 u
1082 1621 1132 1692 Tu
1146 1621 1230 1694 mihi

185 1748 328 1810 mortem
343 1738 497 1828 minaris,
519 1752 641 1812 natura
654 1742 716 1812 tibi
734 1743 760 1812 ³.
785 1771 802 1806 n
823 1743 918 1812 Tunc
941 1739 977 1809 in
1000 1739 1168 1810 Graeciam
1193 1759 1231 1810 se

187 1855 332 1949 recepit,
350 1855 541 1927 Philostrati
573 1859 696 1930 fabulis
718 1859 746 1932 si
769 1858 871 1932 fidem
898 1857 1050 1951 aliquam
1071 1855 1228 1948 adjiciam,

187 1972 395 2062 obviumque
418 1970 538 2042 habuit
563 1969 780 2067 Apollonium
805 1975 832 2044 ⁴.
859 1973 1068 2045 Demetrium
1090 1968 1229 2066 Apollo·

185 2089 262 2158 nius
277 2087 365 2174 Tito,
381 2086 578 2181 Vespasiani
597 2089 666 2162 filio
685 2090 948 2178 commendavit,
966 2089 1228 2180 TitumqueDe·

186 2204 320 2290 metria,
341 2203 445 2275 missa
460 2204 505 2275 ad
524 2203 766 2300 philosophum
782 2207 923 2300 epistola
941 2207 967 2274 ⁵.
991 2205 1119 2274 Tamen
1141 2201 1231 2275 idem

186 2319 346 2412 opnione,
368 2342 445 2390 oum
471 2321 613 2391 Romam
634 2343 812 2413 regressus
832 2323 917 2392 forte
938 2319 1148 2414 Vespasiano
1171 2339 1232 2390 oc-

187 2433 360 2522 currisset,
373 2436 421 2505 illi
435 2457 505 2506 non
519 2437 662 2507 salutem
677 2437 777 2527 dixit,
791 2437 852 2508 sed
865 2435 979 2506 nescio
988 2431 1070 2528 quid
1082 2427 1231 2506 oblatra-

185 2549 254 2640 vit3
287 2551 507 2641 quamohrem
527 2573 547 2621 a
566 2551 718 2645 principe
741 2549 853 2622 Canis
876 2550 983 2622 audiit
998 2553 1030 2620 ⁸.
1061 2547 1185 2642 Aliqua
1208 2573 1230 2621 e

185 2665 366 2738 Plutarcho
379 2667 421 2738 de
435 2665 554 2738 eodem
568 2689 751 2762 excerpere
763 2667 798 2737 in
808 2675 969 2761 promptu
984 2666 1041 2754 sit,
1052 2667 1087 2736 ni
1101 2665 1230 2738 insulsa

187 2792 323 2869 essent,
358 2792 392 2854 et
409 2806 531 2877 parum
548 2793 640 2855 certa
663 2785 690 2854 ⁷.
711 2825 760 2836 -
781 2783 935 2855 Ceterum
955 2777 1229 2856 animadverten-

188 2899 271 2970 dum
283 2909 335 2970 est
348 2895 423 2968 duo
442 2913 476 2968 et
486 2901 759 2997 quinquaginta
772 2899 984 2987 Demetriou,
1002 2898 1229 2992 philosophiae

188 3013 356 3102 doctores
375 3011 531 3108 pluribus
550 3012 632 3084 locis
646 3036 686 3084 ac
697 3013 908 3108 temporibus
918 3013 1089 3084 exstitisse
1101 3015 1129 3084 ⁸.

236 3130 364 3202 Eodem
389 3138 539 3222 tempore
563 3129 702 3220 vigebat
733 3127 930 3198 Musonius
955 3125 1098 3224 Rufus,
1123 3151 1227 3222 eques

188 3269 368 3334 romanus,
402 3246 499 3317 Tusci
519 3246 652 3338 generis
678 3254 712 3318 et
735 3244 852 3316 stoicae
881 3243 1103 3338 discipliuae⁹.
1142 3245 1228 3316 Eum

188 3385 325 3456 quoque
354 3363 622 3434 adolescentium
640 3363 789 3457 optimus
807 3361 974 3455 quisque,
1001 3371 1034 3433 et
1052 3362 1225 3457 principes

227 3553 232 3580 ¹
244 3557 332 3605 Sermo
343 3556 368 3603 8.
378 3578 413 3590 -
428 3552 568 3602 Transtulit
580 3563 593 3602 c
608 3565 687 3616 greco
700 3547 841 3604 Gesnerus.

225 3643 234 3670 ²
249 3647 308 3696 Tac.
322 3639 393 3694 Anii.
414 3662 469 3708 xvr,
485 3643 529 3694 54.

226 3729 235 3758 ³
248 3731 347 3782 Atrion.
359 3743 378 3792 r,
393 3730 437 3778 25.

227 3819 367 3871 ‘Philosiu
379 3835 403 3884 v,
420 3819 468 3880 19;
479 3847 511 3855 -
525 3839 560 3883 vr,
574 3817 619 3877 51,
632 3817 676 3869 55.

226 3907 234 3934 ⁵
247 3911 318 3960 Hanc
332 3908 431 3970 scripsit
440 3909 588 3971 Apollonius
600 3908 729 3959 Demetrio
739 3908 871 3972 epistolam
882 3922 890 3958 ι
901 3922 916 3958 u
928 3899 1019 3976 Δίδωμι
1033 3925 1058 3959 σι
1068 3906 1163 3971 βασιλεῖ
1169 3906 1231 3978 Τίτῳ

191 3993 383 4046 hildenesheimi
395 3998 436 4052 τῆς
452 3994 573 4057 βασιλείας
589 3995 664 4056 ἤθους,
680 3995 707 4046 σύ
724 3991 749 4044 δ’
760 3994 886 4050 ἀληθεῦσαι
898 3995 924 4045 τί
940 4014 978 4064 μοι
995 3994 1052 4064 πρὸς
1066 3995 1135 4048 αὐτὸν
1151 3989 1229 4060 δίδου,

190 4080 230 4133 καὶ
241 4081 319 4152 γίγνου
335 4085 399 4152 αὐτῷ
409 4081 469 4137 πλὴν
480 4083 549 4154 ὀργῆς
560 4082 648 4144 πάντα,
665 4080 771 4152 lipsium.
786 4103 798 4128 ι
812 4080 942 4154 (philostr.
960 4104 995 4148 vr,
1011 4083 1067 4150 55.)

226 4173 236 4202 ⁰
250 4177 358 4227 Sueton.
374 4175 463 4238 (vesp.
477 4174 533 4239 lu.)

227 4261 235 4289 ’
250 4262 357 4313 Aduers.
373 4263 513 4326 indoctum,
526 4263 569 4323 19,
581 4266 617 4313 De
628 4263 769 4322 saltatione,
784 4261 827 4312 63.

228 4347 237 4374 ⁸
249 4351 369 4411 Brucla,
381 4354 399 4399 1.
412 4369 440 4407 rr,
452 4351 471 4398 l.
483 4353 504 4408 l,
519 4350 558 4398 ch.
570 4351 605 4412 ll,
621 4355 680 4401 sect.
691 4348 717 4397 1.

227 4439 236 4467 ⁹
249 4443 281 4491 V.
297 4440 406 4503 Buriguy
422 4443 517 4491 tractat.
534 4438 621 4506 [dead.
632 4440 749 4503 Iuscrlpi.
765 4435 839 4502 xxx.)

1272 3127 1384 3191 Musonius

1282 3188 1372 3230 stoicus.
