3158 5158
656 469 691 483 ..
709 445 742 500 gp
761 471 797 483 ..

207 565 382 639 hominum
400 568 663 640 adolescentium
683 569 798 659 ardor,
821 569 851 640 is
873 571 1018 662 impetus
1040 571 1085 642 ad
1109 589 1151 641 ea
1165 573 1254 662 quae'

208 683 305 772 elate,
323 693 451 770 sancte,
467 684 596 754 fortiter
608 685 818 772 dicebantur,
838 684 1036 777 utquidam,
1053 685 1112 755 uhi
1123 707 1142 756 e
1155 683 1249 758 scho-

207 800 241 870 la
255 799 502 886 discessissent,
525 821 600 870 sese
618 800 849 894 pythagoricis
861 799 1023 871 institutis
1038 799 1247 889 addicerent,
1290 801 1293 804 ’

208 925 242 986 et
259 916 340 990 vino
354 924 456 1005 atque
470 916 667 986 animalium
681 939 781 987 carne
795 918 1018 1004 abstinerent,
1038 919 1131 986 tenui
1143 917 1246 1004 victu,

207 1031 332 1126 pomis,
348 1032 483 1122 polenta
496 1041 529 1102 et
544 1031 731 1125 profluente
743 1055 834 1124 aqua
847 1033 950 1103 vitam
965 1033 1159 1103 tolerantes
1175 1033 1253 1103 Tos-

209 1155 300 1215 tatur
309 1146 475 1217 Eusebius
489 1149 563 1238 ejus
577 1149 741 1220 doctrinae
755 1148 1003 1237 claritudinem,
1015 1169 1093 1218 curn
1109 1147 1143 1217 in
1158 1167 1254 1218 oom-

210 1261 385 1355 putatione
414 1283 595 1352 annorum,
630 1267 694 1335 suh
722 1265 824 1335 finem
856 1264 1066 1358 principatus
1093 1262 1251 1355 Augusti,

211 1375 287 1447 haec
297 1377 476 1449 adscribit:
495 1380 599 1469 Sotio,
623 1390 810 1473 praereptor
822 1383 959 1451 Senecae
969 1381 1081 1450 clarus
1094 1379 1252 1449 hahetur.

262 1494 346 1563 Sunt
371 1495 429 1585 qui
449 1495 562 1566 dicant
578 1517 598 1566 a
616 1497 754 1566 Sotione
773 1497 896 1566 librum
921 1491 967 1564 de
996 1493 1065 1565 Ira
1093 1495 1255 1586 scriptum

214 1607 339 1698 fuisse3
357 1609 434 1700 alii,
459 1611 584 1681 librum
603 1611 647 1681 de
669 1615 896 1680 successione
917 1605 1208 1709 philosophorum
1228 1609 1253 1679 ¹.

215 1725 298 1794 Huic
312 1725 417 1796 fuisse
430 1728 566 1798 fratrem
579 1736 660 1798 natu
676 1729 851 1818 majorem,
872 1727 1089 1820 Apollonium
1104 1726 1254 1816 nomine,

216 1862 258 1910 ex
269 1841 382 1911 schola
395 1843 703 1936 peripateticorum,
720 1854 886 1914 memorat
900 1843 1120 1914 Plutarchus:
1136 1843 1165 1914 ls
1179 1864 1258 1914 cum

215 1956 361 2027 Sotionis
374 1958 465 2029 fama
480 1960 693 2046 obrueretur,
715 1959 801 2030 adeo
819 1980 888 2030 non
903 1981 995 2050 aegre
1009 1959 1084 2030 tulit
1102 1981 1137 2030 se
1155 1981 1176 2030 a
1194 1959 1258 2028 rni-

215 2092 299 2142 nore
317 2082 398 2143 natu
414 2075 578 2168 superari,
598 2085 638 2145 ut
660 2085 778 2145 contra
803 2075 917 2145 fratris
939 2097 1063 2146 nornen
1077 2095 1205 2166 augere
1226 2081 1261 2144 et

216 2187 405 2281 praedicare
422 2201 603 2260 conaretur
613 2192 640 2260 ².
661 2183 730 2260 Sed
741 2189 799 2258 alii
812 2190 1018 2260 contendunt
1031 2200 1099 2262 tres
1113 2189 1262 2283 philoso-

217 2303 318 2398 phos,
340 2305 487 2376 Sotionis
509 2306 660 2393 nomine,
689 2303 871 2394 exstitisse,
897 2327 1016 2377 omnes
1037 2303 1262 2376 Alexandrini

218 2421 377 2510 generis3
394 2449 402 2490 ι
420 2443 565 2512 quorum
577 2444 667 2492 unus
678 2431 779 2492 aetate
797 2422 967 2494 Ptolemaei
988 2421 1175 2517 Epiphanis
1194 2420 1262 2492 llo-

218 2535 287 2604 ruit
299 2545 332 2605 et
345 2537 469 2606 librum
483 2533 529 2606 de
545 2539 772 2606 successione
786 2537 941 2631 scripsit;
964 2539 1084 2608 tertius
1103 2557 1184 2608 vero
1202 2535 1263 2628 pe'·

219 2651 428 2745 ripateticus,
445 2651 614 2722 Plutarchi
631 2653 789 2745 aequalis,
800 2662 832 2723 et
843 2652 1014 2746 Apollonii
1022 2654 1126 2724 frater
1135 2651 1260 2721 fuit.-

219 2767 330 2839 Pauca
347 2771 502 2840 Stobaeus
512 2793 556 2841 ex
569 2771 654 2841 libro
667 2771 813 2841 Sotionis
822 2767 868 2841 de
877 2771 947 2841 Ira
958 2771 1105 2863 collegit,
1120 2769 1175 2838 his
1190 2789 1263 2840 rer·

219 2883 274 2952 bis
294 2908 301 2950 :
322 2879 580 2980 «Sapientibus
595 2884 673 2954 loco
691 2888 767 2974 ira,
784 2883 975 2956 Heraclito
978 2881 1113 2978 fletus,
1131 2881 1265 2953 Demo·

221 3001 311 3070 crito
330 2997 511 3096 risussuit
526 3001 551 3066 4.
575 3029 592 3063 »
609 3000 715 3088 Alias,
736 3023 814 3070 cum
826 3001 943 3071 Sotion
963 2986 1180 3070 adulatores
1193 3019 1265 3069 car-

221 3114 298 3208 pit:
327 3139 344 3180 «
364 3110 535 3211 Delphini
558 3137 745 3210 quousque
772 3110 878 3182 unda
899 3108 1022 3182 sutbest
1044 3115 1266 3182 comitantur

222 3243 369 3317 nantes,
398 3233 435 3298 in
462 3227 563 3298 litters
581 3253 670 3299 nero
698 3252 891 3327 nunquam
922 3223 1176 3326 egrediuntur.
1204 3223 1266 3296 Sic

224 3341 441 3417 adulatores
455 3347 493 3414 in
504 3368 629 3415 sereno
641 3369 764 3416 rerum
777 3359 879 3416 statu
902 3356 1066 3430 manent,
1086 3345 1183 3413 sicut
1206 3343 1270 3437 qui

224 3463 360 3531 amicos
379 3457 434 3530 ad
445 3463 772 3558 peregrinationem
792 3475 932 3550 ouantes,
959 3456 1128 3530 alumnia
1148 3449 1268 3555 plana

224 3587 292 3662 est,
311 3571 528 3663 deducunt,
552 3597 637 3644 cum
656 3579 815 3676 asperior
823 3576 880 3664 fit,
901 3571 1118 3648 recedunt⁵.
1141 3603 1158 3637 »

272 3687 415 3782 Vigehat
427 3693 532 3762 ferme
546 3692 609 3762 sub
628 3691 719 3762 idern
734 3701 868 3786 tempus
885 3689 1055 3779 Attalus,
1069 3690 1186 3762 stoioae
1197 3688 1268 3758 ins·
1323 3689 1410 3738 l¹l⁸¹¹¹⁸

1326 3745 1414 3792 stoicus.

224 3805 388 3877 titutionis
405 3806 642 3900 philosophus.
661 3807 937 3901 Disputaveritne
950 3825 1062 3900 graece
1076 3825 1197 3898 parum
1211 3803 1271 3872 ha·

264 4041 271 4068 ¹
290 4045 437 4106 atheneus,
450 4046 468 4094 l.
483 4047 527 4096 lv.
543 4045 683 4108 Eutropius,
700 4047 765 4097 Vltta
779 4047 958 4108 sophistarum.

267 4129 275 4156 ²
295 4133 434 4194 Plutarch,
447 4129 485 4184 Dc
500 4145 594 4186 amore
608 4129 744 4203 fraterne.

267 4216 276 4246 ³
295 4221 360 4270 Vide
372 4216 555 4288 Brocchorum,
572 4229 590 4274 t.
604 4225 637 4287 11,
654 4224 672 4274 l.
688 4227 714 4286 1,
730 4238 752 4278 c.
768 4243 802 4289 n,
816 4231 878 4277 sect.
893 4221 924 4286 2,
941 4223 954 4287 ξ
970 4221 999 4275 6,

267 4305 276 4335 ⁴
295 4309 418 4370 Stobaeus,
432 4321 514 4359 sermo
528 4329 573 4362 xx.

269 4395 277 4424 ⁵
296 4393 445 4459 1d.,sormo
460 4417 512 4449 xiv.
