3168 5150
799 773 855 846 IV.

308 985 383 1038 llulta
402 987 527 1052 sapienter
542 1001 573 1038 ae
586 985 757 1052 philosophico
776 999 846 1036 more
862 984 928 1036 dieta
946 987 972 1036 in
983 987 1167 1040 controversiis
1179 1004 1208 1040 ao
1223 990 1347 1042 suasoriis

690 1066 817 1116 rhetorum
828 1079 969 1118 occurrere.

356 1259 431 1333 lam
449 1281 504 1331 res
521 1269 637 1332 monet
654 1270 691 1331 ut
712 1260 849 1332 tandem
866 1261 1052 1354 aliquando
1068 1260 1349 1354 philosophorum

308 1375 444 1448 scholas
471 1375 634 1448 adeamus
657 1384 692 1447 et
723 1377 806 1470 ipsis
830 1377 1006 1469 sapientiae
1034 1375 1228 1447 doctoribus
1251 1397 1350 1450 aures

302 1493 552 1590 praebedmus,'
572 1493 616 1564 de
648 1495 774 1587 quibus
801 1494 946 1588 quaestio
974 1502 1025 1564 est
1053 1493 1218 1564 instituta.
1245 1495 1347 1586 Nam,

307 1615 388 1702 qu'ae
411 1609 453 1679 de
479 1609 629 1697 Horatio,
650 1610 800 1700 Manilio,
826 1610 1015 1702 ceterisque
1039 1609 1093 1680 vel
1113 1609 1345 1703 scriptoribus²
1442 1637 1443 1640 ¹

307 1726 362 1795 vel
375 1725 474 1796 elaris
485 1725 581 1814 viris,
596 1723 820 1818 philosophiae
843 1725 999 1796 studiosis
1018 1724 1178 1813 diximus,
1200 1726 1264 1796 etsi
1281 1748 1351 1798 non

306 1843 560 1912 'extra'oausam
574 1839 745 1926 videntur,
762 1851 873 1910 tamen
893 1851 973 1910 sunt
995 1840 1062 1911 alia
1082 1842 1211 1932 majora
1226 1852 1260 1912 et
1277 1851 1350 1913 m'a·

309 1954 418 2046 gis'ad
437 1954 646 2046 propositum
667 1956 882 2047 pertinentia,
908 1977 987 2047 quae
1014 1977 1098 2027 mox
1116 1957 1347 2028 absolvemus.

307 2070 376 2142 Sed
391 2079 573 2163 antequam
591 2071 636 2142 ad
649 2069 873 2166 philosophiae
885 2073 1091 2164 professores
1103 2071 1347 2165 ingrediamur,

308 2208 379 2257 oon
406 2186 544 2276 frustra
562 2197 599 2257 ut
612 2185 970 2281 opinor,divertemus
989 2187 1160 2281 paulisper
1178 2189 1222 2259 ad
1240 2189 1353 2260 rheto-

309 2324 365 2374 res
380 2329 388 2372 :
405 2325 498 2392 nam,
518 2304 604 2374 siout
617 2305 788 2392 Horatius,
812 2305 951 2396 aliique,
973 2303 1015 2372 de
1038 2304 1164 2396 quibus
1185 2305 1348 2397 diximus,

306 2439 350 2489 eo
368 2419 443 2513 ipso
461 2421 560 2490 nobis
576 2420 641 2490 visi
669 2429 746 2490 sunt
763 2419 944 2490 ostendere
964 2420 1148 2490 certissima
1167 2441 1246 2512 qnae
1265 2430 1352 2492 esset

310 2533 500 2605 animorum
517 2534 562 2606 ad
579 2555 619 2605 ea
638 2535 748 2606 studia
762 2535 945 2619 inclinatio,
963 2537 1057 2629 quod
1075 2536 1139 2629 ipsi
1154 2557 1221 2606 non
1236 2547 1353 2630 aperte

310 2651 556 2745 philosophiam
580 2651 829 2746 profiterentur,
858 2653 903 2722 ita
924 2652 1096 2722 rhetorum
1110 2655 1351 2727 controversiae

310 2787 378 2836 nnn
398 2788 518 2859 parum
538 2768 622 2837 lueis
641 2766 762 2836 afferre
783 2776 937 2859 possunt,
965 2767 1055 2837 unde
1075 2769 1291 2863 perspicuum
1310 2771 1352 2841 sit

311 2882 394 2974 qnid
412 2885 558 2976 populus
572 2905 732 2954 romanus
750 2881 792 2952 de
809 2883 962 2954 doctriua
983 2883 1120 2955 sentiret
1137 2897 1170 2956 et
1186 2895 1352 2976 quantum

310 3021 352 3071 ea
368 2999 588 3071 imbueretur.
610 2998 708 3070 Adsit
721 3021 803 3091 ergo
820 3000 993 3070 rhetorum
1007 3010 1129 3089 omine,
1152 3010 1185 3072 et
1199 3001 1353 3072 testimo-

312 3116 406 3186 nium
419 3117 507 3188 dicat
524 3117 567 3188 de
581 3116 810 3211 philosophia.

361 3233 436 3302 Non
450 3232 604 3325 estquod
618 3240 730 3325 speret
743 3231 866 3322 aliquis
879 3230 934 3300 hio
944 3231 1093 3322 integras
1108 3231 1352 3325 disputationes

314 3347 425 3419 afferri
451 3369 669 3442 posse511am
695 3347 757 3417 vix
778 3355 958 3439 supersunt
983 3348 1141 3438 quaedam
1163 3349 1354 3419 orationum

314 3475 439 3560 partes,
461 3473 583 3534 caetera
605 3465 728 3548 lacera.
759 3463 920 3554 abrupta,
951 3463 1110 3553 disJ'eota,
1136 3485 1230 3535 mera
1255 3467 1354 3558 frag-

314 3591 441 3668 menta,
457 3581 609 3651 confusae
629 3578 794 3672 reliquiae.
818 3581 943 3651 Tamen
957 3602 1002 3650 ex
1029 3579 1101 3650 istis
1118 3600 1271 3652 romanae
1284 3583 1353 3652 elo·

316 3695 466 3789 quentiae
493 3695 673 3766 ruderibus
704 3717 773 3766 nnn
797 3697 898 3767 modo
927 3695 1084 3765 rhetorici
1107 3695 1257 3787 igniculi,
1296 3699 1355 3770 sed

315 3834 430 3884 aureae
445 3822 477 3882 et
496 3813 704 3905 sapientibus
717 3813 828 3906 dignae
847 3813 1032 3899 sententiae,
1054 3813 1241 3906 saepissime
1256 3812 1352 3884 eilul-

318 3940 409 4021 gent.

365 4047 498 4116 Nemini
512 4047 635 4117 mirum
656 4046 719 4116 erit
733 4046 760 4116 si
782 4046 816 4115 in
832 4046 1006 4115 rhetorum
1026 4046 1263 4118 controversiis
1284 4043 1357 4117 loci

317 4160 472 4233 morales
503 4163 691 4256 praesertim
721 4171 915 4247 oeourrant;
940 4169 1018 4230 sunt
1043 4161 1144 4231 etiam
1170 4161 1287 4256 aliqua
1308 4163 1352 4233 ad

317 4288 458 4352 caeteras
467 4278 692 4373 philosophiae
702 4288 814 4371 partes
822 4277 1113 4371 spectantia2inde
1121 4279 1348 4350 exordiemur.

366 4395 513 4465 Primum
534 4391 715 4466 afferemus
728 4416 806 4486 quae
826 4389 871 4463 de
890 4405 1030 4466 natura
1050 4396 1165 4465 animi
1180 4395 1348 4466 dicuntur.
