3168 5150
814 405 957 461 ...32....

366 532 505 624 laqueos
530 551 629 601 usum
654 529 759 602 inisse
780 529 804 601 ¹.
835 557 853 600 »
881 529 1049 605 Eumdem
1073 540 1175 604 vocat
1203 533 1239 605 in
1262 534 1412 627 quadam

366 647 518 742 Epistola
540 645 671 717 Atteius
688 645 805 741 Capito
831 673 849 713 a
875 647 989 738 legum
1013 662 1114 740 atque
1137 669 1271 720 morum
1294 651 1413 744 populi

365 763 497 834 romani
508 761 664 855 jurisque
675 762 781 833 civilis
801 763 955 856 apprime
967 760 1118 834 doctum.
1144 793 1161 828 s
1177 765 1306 837 Praeter
1319 787 1413 838 com·

365 877 548 949 mentarios
565 876 745 949 duodecim
760 877 965 966 tabularum,
989 878 1170 973 scripserat
1182 878 1225 952 de
1243 881 1350 952 sacris
1362 903 1413 964 re·

365 995 497 1088 busque
514 994 656 1086 divinis3
677 993 754 1065 ideo
772 1016 1017 1088 nonnunquam
1032 1017 1052 1066 a
1069 997 1109 1066 Β.
1130 995 1320 1100 Augustino
1338 1020 1411 1068 me·

265 1154 270 1162 ·
364 1115 562 1185 moraturi.
590 1113 696 1201 Idem,
721 1113 749 1183 si
768 1112 957 1204 Augustino
978 1114 1160 1206 credimus,
1183 1115 1355 1186 Platonem
1374 1117 1411 1185 in

364 1249 506 1300 numero
529 1229 756 1300 semideorum
781 1227 985 1318 collocabat3
1010 1229 1099 1300 unde
1124 1228 1218 1301 haud
1243 1231 1412 1304 immerito

365 1344 528 1436 conjicias
540 1365 619 1415 eum
632 1344 734 1415 fuisse
748 1344 968 1438 platonicum.

413 1460 533 1532 Restat
550 1469 588 1532 ut
605 1459 735 1554 aliquid
752 1458 906 1532 dicamus
922 1459 964 1532 de
978 1460 1105 1532 Horatii
1119 1461 1236 1533 amicis
1246 1471 1280 1534 ei
1291 1482 1409 1556 aequa-

364 1577 466 1668 libus,
483 1578 542 1672 qui
558 1599 598 1648 eo
616 1577 721 1648 veluti
731 1576 933 1672 philosopho
953 1598 1014 1649 suo
1031 1578 1225 1649 utebantur.
1243 1579 1411 1672 Inprimis

364 1695 509 1767 occurrit
531 1693 670 1784 Iccius,
699 1715 769 1766 non
792 1695 902 1765 solum
925 1694 1090 1784 doctrina,
1113 1694 1173 1766 sed
1198 1702 1232 1766 et
1256 1695 1330 1768 vita
1353 1715 1412 1768 sa-

364 1813 482 1906 piens:
505 1834 583 1883 nam
599 1833 643 1882 ex
661 1811 882 1906 pythagoreis
897 1811 1001 1882 fuisse
1012 1811 1149 1883 videtur
1161 1811 1188 1879 ⁴.
1208 1811 1307 1902 Tum,
1327 1809 1412 1881 Lol·

365 1925 497 1998 tiorum
512 1929 733 2016 maximum,
750 1927 786 1996 in
799 1927 922 1998 scholis
935 1948 975 1997 eo
985 1935 1138 2020 ternpore
1150 1925 1410 2015 declamantem,

364 2065 464 2136 quem
479 2041 616 2114 Flaccus
634 2042 792 2113 hortatur
810 2051 848 2112 ut
867 2041 1149 2136 philosophorum
1162 2052 1196 2113 et
1205 2042 1296 2136 legat
1309 2064 1412 2138 opera

364 2168 397 2228 et
422 2159 509 2229 colat
531 2157 729 2246 amicitiam,
750 2156 893 2228 libenter
912 2157 1115 2230 crediderim
1138 2180 1208 2230 uon
1237 2159 1408 2230 incassum

364 2295 405 2346 ea
427 2275 567 2346 consilia
588 2275 759 2369 accepisse
773 2276 805 2366 53
832 2273 912 2344 hino
940 2283 1031 2345 certe
1056 2283 1147 2367 patet
1164 2296 1233 2346 non
1256 2275 1407 2348 defuisse

364 2390 465 2462 bonae
486 2390 609 2462 indolis
626 2389 896 2460 adolescentibus
912 2389 1092 2482 magistros
1110 2389 1182 2482 qui,
1204 2413 1283 2462 cum
1297 2391 1332 2460 in
1350 2391 1412 2460 lu-

363 2506 457 2577 brico
481 2503 718 2577 adolescentiae
745 2503 941 2594 titubarent,
967 2526 1025 2577 eos
1045 2505 1091 2577 ad
1118 2516 1249 2577 rectam
1273 2505 1413 2578 vivendi

364 2621 457 2692 viam
485 2629 696 2692 revocarent.
732 2620 884 2691 Proiecto
912 2619 1087 2716 Quintius
1118 2643 1166 2692 ao
1195 2619 1408 2711 Numicius,

365 2737 489 2830 quibus
506 2737 727 2808 mittebantur
738 2734 910 2828 Epistolae,
923 2735 1021 2829 quasi
1034 2736 1219 2809 medullam
1229 2736 1410 2809 stoicorum

402 2951 409 2980 ¹
429 2949 507 3008 Nost.
523 2957 587 3019 ott,
602 2955 807 3016 l.X111,cb.x.

400 3040 410 3071 ²
429 3038 511 3112 idid„
525 3045 543 3098 l.
556 3047 628 3109 Xlll,
642 3047 682 3096 cb.
696 3064 743 3097 111.

400 3130 486 3184 ³Hac
505 3136 537 3186 de
555 3135 674 3186 Labeone
688 3136 866 3198 Augustinus:
884 3149 898 3181 a
916 3135 1017 3197 Labeo,
1034 3147 1111 3198 quem
1129 3135 1305 3198 hujuscemodi
1325 3146 1412 3186 rerum

367 3219 404 3287 (id
426 3227 464 3273 est
485 3222 621 3290 sacrarum)
640 3223 821 3286 peritissimum
841 3222 991 3286 pradicant,
1015 3223 1121 3273 numina
1141 3223 1241 3274 bonna
1262 3221 1411 3276 numinibus

363 3311 436 3361 malis
452 3312 498 3362 ista
511 3313 586 3363 etiam
600 3312 681 3363 cultus
692 3310 836 3363 diversitate
848 3310 995 3374 distinguit,
1007 3317 1034 3362 ut
1046 3312 1126 3376 malos
1137 3312 1205 3362 Deos
1217 3313 1347 3376 propitiari
1360 3324 1411 3362 ca-

365 3397 453 3462 dibns,
468 3404 494 3452 et
508 3401 620 3452 tristibus
639 3401 864 3463 supplicationibus
879 3406 988 3463 asserat,
1003 3402 1085 3452 bonos
1103 3391 1189 3452 nalem
1206 3401 1334 3465 obsequiis
1349 3401 1412 3451 tells

365 3492 439 3551 atque
451 3491 588 3552 jucuadlst
602 3489 684 3553 qualia
697 3494 766 3551 sunt,
778 3494 806 3540 ut
819 3489 873 3552 ipse
886 3490 931 3554 ait,
944 3490 1007 3552 ludi,
1021 3491 1145 3551 convivia,
1159 3489 1321 3541 lectisternia.
1334 3506 1348 3538 u
1363 3485 1411 3555 (Da

368 3573 445 3628 eicit.
459 3573 525 3644 oei,
538 3580 555 3630 1.
569 3581 609 3643 ΙΙ,
623 3580 663 3630 ch.
679 3598 715 3630 xr.
740 3607 773 3616 —
788 3596 801 3628 u
817 3581 867 3630 Sed
882 3593 914 3631 ue
928 3581 959 3633 de
969 3580 1052 3633 verbis
1065 3581 1141 3630 etiam
1156 3592 1202 3628 nos
1216 3585 1311 3630 cerere
1323 3579 1411 3631 videa·

365 3677 435 3728 mur,
457 3669 577 3731 quoniam
598 3668 716 3719 nonnulli
737 3669 859 3730 istorum,
882 3674 910 3720 nt
927 3669 963 3719 ita
983 3669 1103 3728 dixerim,
1125 3668 1362 3728 daemonicolarum,
1384 3667 1410 3717 in

368 3757 459 3819 quibus
472 3763 498 3809 et
509 3759 593 3808 Labeo
603 3763 651 3824 est,
661 3759 763 3810 eosdem
778 3759 913 3822 perhibent
924 3759 956 3808 ab
966 3757 1021 3808 aliis
1033 3757 1135 3820 angelos
1147 3757 1206 3821 dici,
1219 3772 1282 3820 quos
1295 3757 1343 3819 ipsi
1357 3757 1411 3806 da-

368 3859 457 3896 mones
473 3852 629 3914 nuncupant,
644 3854 692 3899 eto.
707 3863 720 3895 u
736 3842 777 3916 (L.
793 3849 839 3908 ix,
852 3845 905 3910 19.)
918 3875 952 3884 -
965 3847 1048 3896 Labeo
1065 3846 1142 3898 etiam
1155 3847 1217 3897 duos
1229 3847 1290 3898 dicit
1304 3858 1354 3895 uno
1368 3845 1411 3896 die

368 3935 444 3987 luisse
456 3936 586 3988 defunctos
599 3942 625 3988 et
638 3937 774 3988 occurrisse
786 3937 894 3986 invicem
906 3937 932 3984 in
948 3936 1057 3998 quodam
1069 3936 1188 3998 compito,
1201 3935 1294 3985 deinde
1306 3935 1336 3984 ad
1351 3946 1410 3984 cor-

369 4036 429 4087 pora
447 4039 491 4076 sua
510 4027 592 4088 jussos
612 4027 687 4076 luisse
705 4038 832 4086 remeare,
852 4029 877 4076 et
896 4024 1054 4075 constituisse
1073 4025 1140 4076 inter
1155 4037 1182 4075 se
1200 4024 1292 4074 amicos
1312 4036 1338 4074 se
1356 4035 1411 4074 esse

370 4115 486 4177 victuros,
497 4120 571 4179 atque
581 4117 616 4166 iia
628 4129 682 4167 esse
694 4115 785 4166 lactum
797 4114 878 4165 donec
890 4118 976 4178 postea
988 4118 1157 4167 morerentur.
1169 4113 1206 4178 (L.
1218 4108 1366 4180 xxr1,28.)
1378 4135 1412 4150 -

369 4203 428 4254 vid.
442 4210 476 4255 et.
491 4205 509 4256 1.
523 4205 572 4268 111,
591 4204 633 4258 19.
645 4231 680 4244 -
691 4206 721 4254 L.
736 4205 789 4269 111,
800 4203 846 4255 25.
859 4229 893 4240 -
904 4204 936 4253 A.
950 4203 1075 4268 Gellium,
1089 4204 1108 4256 l.
1121 4207 1147 4266 1,
1160 4204 1202 4254 ch.
1215 4221 1261 4255 xrr.

407 4291 415 4320 ⁴
435 4295 518 4345 Germ.
535 4296 564 4345 L.
582 4297 607 4355 1,
621 4294 664 4346 od.
680 4293 725 4342 11.
742 4318 776 4330 »-
789 4293 869 4356 Epist
885 4311 930 4344 xri.

407 4380 415 4410 ⁸
433 4383 515 4446 Epist.
528 4385 560 4438 L.
574 4385 601 4442 1,
613 4381 648 4443 i,
664 4379 707 4433 18.
