3168 5150
651 485 687 499 ..
704 461 740 516 55
757 487 791 499 .-

188 583 262 654 dori
283 583 375 678 apud
389 584 613 678 philosophos
638 585 848 678 praevalebat
869 583 1006 679 opinior
1031 587 1137 658 odom
1151 606 1232 662 oum

187 699 302 770 litteris
316 709 351 772 et
368 699 585 794 philosophia
599 701 743 774 honesto
754 700 879 792 cuique
894 698 1002 772 mrrlto
1014 717 1090 774 esse
1100 723 1231 778 conve-

187 810 455 888 aientissimum!

235 933 349 1003 Etiam
383 930 576 1022 conjectura
601 931 708 1003 ducor
730 933 776 1003 ad
800 930 1043 1025 suspicandum
1073 932 1233 1008 eumdem

187 1045 446 1118 Athenodorum
465 1047 507 1118 de
519 1045 709 1140 Beneficiis
726 1047 854 1140 aliquid
866 1048 1053 1140 scripsisse,
1066 1069 1144 1119 cum
1159 1048 1235 1123 hmo

187 1163 222 1232 in
243 1163 370 1234 Seneca
389 1163 518 1256 legam:
543 1187 560 1230 e
580 1163 726 1247 Quidam
746 1165 836 1234 ultro
858 1163 968 1235 officia
993 1172 1109 1236 nostra
1131 1165 1233 1236 nobis

186 1277 367 1371 imputant.
383 1275 625 1349 Athenodorus
637 1279 698 1366 ait,
713 1298 757 1350 ne
769 1279 815 1350 ad
824 1301 959 1351 ooenam
969 1279 1107 1374 quidem
1120 1302 1157 1352 se
1170 1281 1233 1352 itu-

187 1415 265 1464 rum
278 1393 322 1466 ad
334 1415 425 1482 esem,
446 1395 507 1488 qui
524 1395 589 1468 sibi
611 1395 695 1467 nihil
709 1417 772 1491 pro
787 1397 853 1468 hoo
868 1397 1044 1499 debiturus
1057 1397 1100 1468 sit
1115 1397 1140 1468 ¹.
1158 1423 1177 1466 a
1192 1399 1231 1470 ln

187 1511 318 1584 decima
332 1512 470 1586 Senecae
484 1513 627 1606 epistola
643 1521 676 1584 et
694 1513 783 1584 hanc
794 1514 1017 1586 clarissimam
1032 1515 1233 1588 sententiam

187 1627 312 1714 iuveni,
327 1650 371 1698 ex
382 1627 593 1700 Athenodori
606 1629 704 1700 libris
719 1628 956 1723 depromptam
981 1655 989 1698 :
1004 1655 1022 1694 a
1039 1640 1129 1700 tnnc
1141 1633 1231 1728 scito

187 1755 220 1812 tc
236 1764 311 1812 esse
324 1739 490 1814 omnibns
508 1739 770 1842 cupiditatibus
787 1743 950 1816 solutum
960 1765 1038 1814 cum
1053 1763 1230 1836 eoperve-

185 1858 289 1945 neris,
306 1867 344 1954 ut
365 1853 456 1930 nteit
472 1858 594 1931 Deum
613 1883 734 1957 roges,
760 1855 948 1958 nisitquod
969 1881 1102 1956 rogare
1116 1861 1230 1958 possis

180 1972 324 2071 palam.
341 2004 358 2040 »
378 1976 428 2048 lta
444 1987 593 2056 estnon
612 1977 714 2049 modo
729 1977 828 2049 fortia
846 1997 869 2048 a
887 1976 1096 2070 philosophis
1109 1976 1231 2068 praeoi*

185 2088 380 2181 piabantur‚
396 2090 460 2160 sed
472 2098 507 2160 et
521 2101 652 2162 sancta.

234 2205 404 2275 Hactenus
418 2203 461 2274 ds
483 2202 714 2275 Athenodoro.
733 2241 776 2259 -
792 2201 917 2293 Areus,
937 2201 1148 2278 Alexandria
1168 2225 1230 2276 or-

186 2329 253 2408 tus,
271 2343 433 2415 percarus
447 2320 602 2414 Augusto
618 2323 693 2410 fuit,
706 2322 792 2394 adeo
804 2330 843 2390 ut
858 2330 935 2414 post
950 2341 1102 2412 pugnam
1114 2318 1230 2393 Aetia·

140 2477 141 2480 =
187 2458 263 2507 cam
291 2437 338 2508 illi
364 2459 501 2532 poenam
527 2437 623 2508 urbis
650 2437 892 2510 condonaverit
914 2439 940 2507 ².
972 2437 1155 2509 Notissima
1175 2445 1228 2508 est

191 2551 412 2642 Consolatio,
431 2575 501 2648 qua
519 2575 601 2646 erga
616 2554 743 2632 Liviam
762 2575 846 2624 usus
860 2561 930 2642 est3
949 2552 1015 2624 nisi
1033 2553 1125 2646 quod
1143 2575 1230 2626 con-

188 2668 277 2738 tendi
292 2678 402 2760 potest
417 2691 437 2740 a
451 2671 577 2741 Seneca
590 2668 704 2740 fictam
717 2669 821 2740 foisse
831 2669 857 2737 ³.
877 2669 914 2738 ln
928 2689 969 2739 ea
987 2668 1071 2738 nihil
1083 2670 1186 2740 molle
1197 2676 1232 2739 et

188 2783 447 2874 effoeminatum,
474 2785 589 2856 omnia
607 2805 740 2872 severa,
765 2783 879 2870 fortia,
898 2783 954 2856 vel
976 2803 1110 2876 aspera.
1131 2784 1231 2854 Cete-

188 2921 277 2986 rum,
299 2898 389 2969 idem
406 2908 461 2970 ost
473 2900 723 2971 Consolationis
733 2900 838 2986 color,
853 2919 957 2990 mam
969 2898 1111 2968 Ovidius
1128 2898 1231 2968 Liviae

189 2997 323 3109 scripsit
341 3015 518 3106 versibus3
542 3015 704 3108 quoniam
724 3015 876 3107 profecto
896 3020 976 3085 tuno
996 3013 1033 3084 id
1047 3013 1152 3084 moris
1170 3013 1232 3084 luit

226 3187 233 3214 ¹
252 3183 292 3239 De
306 3190 400 3258 tranq.
413 3184 499 3240 anim.
513 3205 549 3237 vr.

225 3268 234 3296 ²
252 3270 368 3319 Julianus
381 3267 455 3332 epist.
469 3283 521 3318 cnr.
533 3263 625 3316 ——llio
640 3263 750 3327 cassiae,
761 3265 779 3317 l.
791 3265 833 3316 Ll.

225 3347 235 3376 ³
255 3362 270 3397 a
287 3349 333 3398 Illa
346 3345 435 3414 (Livia)
447 3348 474 3396 in
489 3343 570 3409 palmo
585 3345 691 3404 terrore,
715 3355 773 3395 curn
787 3343 895 3394 merisne
911 3343 1072 3406 lnrpatlentes
1086 3339 1231 3408 ferocesque

190 3434 250 3480 sunt
261 3429 378 3488 miseria,
387 3441 415 3479 se
425 3425 605 3480 consolandam
615 3428 682 3478 Areo
692 3426 842 3489 philosopho
852 3425 899 3476 riri
908 3425 947 3474 sui
958 3424 1074 3486 prebuit,
1088 3430 1113 3474 et
1125 3425 1232 3476 multum

189 3524 245 3561 eam
255 3523 307 3560 rem
317 3509 440 3571 proluisse
452 3510 500 3558 sibi
513 3507 626 3558 contessa
641 3511 678 3556 est
681 3541 736 3557 .....
749 3507 807 3566 llio,
823 3510 851 3555 ut
861 3506 962 3568 opinor,
972 3505 1054 3557 aditus
1065 3504 1102 3553 illi
1115 3504 1170 3567 init,
1185 3507 1233 3556 hoc

191 3589 341 3652 principium
362 3589 427 3650 apud
445 3588 565 3638 laminam
584 3586 711 3648 opinionis
730 3599 780 3636 sua
797 3584 1183 3648 custodem,diligentissimam:
1199 3607 1230 3618 -

190 3671 275 3732 Usque
288 3671 314 3718 in
329 3670 396 3718 hunc
411 3669 568 3727 diem,Livia
582 3667 714 3730 (quantum
729 3666 833 3729 quidem
848 3679 894 3730 ego
908 3665 995 3722 sciam.
1011 3667 1125 3716 assiduus
1136 3667 1183 3715 viri
1197 3665 1233 3716 tul

190 3763 282 3808 comes,
294 3751 333 3800 oui
342 3764 393 3800 non
410 3753 508 3799 tanturn
519 3761 575 3810 aaa
587 3747 613 3798 in
628 3747 756 3809 publicum
767 3747 925 3803 emittuntur,
937 3751 995 3796 nota
1010 3753 1078 3806 sont,
1090 3747 1135 3796 sed
1145 3760 1234 3798 omnes

192 3843 291 3894 quoque
307 3831 454 3880 secretiores
469 3829 611 3880 animorum
629 3833 769 3878 vestrorum
785 3826 889 3891 molas),
904 3827 994 3877 dedisti
1010 3840 1159 3889 operamne
1174 3828 1234 3889 quid

192 3917 258 3960 esset
271 3911 339 3972 quod
357 3911 383 3959 in
398 3914 422 3960 te
434 3911 568 3972 quiequam
582 3908 788 3970 reprehenderet.
801 3907 854 3956 Neo
865 3906 890 3956 id
909 3907 935 3956 ia
948 3907 1085 3969 majoribus
1096 3908 1172 3957 ruodo
1185 3909 1235 3957 ob-

191 3993 304 4052 servasti,
316 3991 360 4041 sed
374 3991 401 4040 in
421 3990 543 4049 minimis,
560 3987 836 4049 assolutamente
853 3985 954 4046 huram,
969 3987 1124 4038 liberrimam
1141 3988 1235 4054 princi·

191 4085 251 4134 pum
267 4070 388 4132 judicem,
401 4071 479 4120 velles
496 4072 625 4132 ignoscere
629 4103 682 4117 .....
695 4067 815 4126 Proinde,
831 4080 864 4116 ne
881 4067 1026 4118 submiseris
1040 4072 1074 4130 te,
1085 4069 1137 4118 imo
1148 4075 1235 4119 contra

191 4152 240 4214 sape
257 4150 373 4200 stabilem
389 4150 509 4214 gradum;
526 4153 551 4200 et
566 4147 689 4212 quidquid
704 4160 810 4197 onerum
825 4159 900 4209 supra
914 4145 1013 4206 cecidit,
1027 4145 1137 4206 sustine,
1152 4148 1234 4209 primo

192 4229 312 4282 duntaxat
320 4229 425 4291 strepitu
435 4227 579 4278 conterrita.
595 4243 611 4274 n
623 4225 671 4293 [Ad
684 4225 761 4276 Maro.
773 4221 820 4290 ιν.)

230 4335 236 4364 ⁵
336 4335 457 4398 Imposuit
471 4338 495 4384 te
505 4309 555 4384 alto
569 4335 690 4394 Fortuna,
704 4334 836 4397 locumque
847 4334 911 4383 tueri

370 4413 447 4464 Jossit
458 4413 619 4475 honoratum,
628 4414 698 4464 Livia
712 4428 719 4464 t
733 4413 815 4476 perier
829 4425 904 4463 onus.
