3158 5158
666 461 806 516 ..71-

226 605 304 683 quae
317 605 389 659 rem
403 585 605 681 pellucidam
619 591 654 655 et
666 587 881 680 perspicuam
896 582 1120 660 iaceretzu-c
1129 585 1271 664 Solebat

229 733 247 772 n
274 705 408 775 Attalus
433 702 499 771 hac
527 701 677 792 imagine
701 701 751 770 uti
773 702 918 774 :vidisti
939 703 1126 797 aliquando
1149 727 1270 780 canem

228 845 245 890 a
273 821 380 891 missa
399 839 420 886 a
439 817 575 888 domino
595 817 703 888 frusta
725 817 824 911 panis
854 831 913 889 aut
939 821 1050 890 carnis
1075 831 1192 915 aperto
1209 841 1270 897 oro

229 963 246 1000 a
273 933 486 1027 captantem?
500 931 667 1027 quidquid
679 934 826 1027 excepit,
847 935 1002 1027 protinus
1016 936 1188 1026 integrum
1208 939 1268 1011 de·

228 1077 247 1117 n
274 1057 387 1138 vorat,
408 1055 440 1118 et
459 1067 594 1142 semper
611 1048 656 1121 ad
675 1067 771 1143 spem
793 1050 897 1120 futuri
924 1049 1009 1122 hiat.
1034 1049 1127 1122 Idem
1154 1052 1268 1124 evenit

230 1190 246 1233 e
275 1163 386 1234 nobie.
411 1163 584 1257 Quidquid
604 1165 882 1260 exspectantibus
908 1167 1043 1237 fortuna
1061 1166 1213 1262 projecit,
1233 1167 1269 1240 id

173 1299 175 1304 ·
230 1307 249 1347 »
277 1279 349 1350 sine
377 1279 445 1350 nlla
470 1279 875 1373 voluptatedemittimue,
905 1281 1019 1352 statim
1044 1283 1269 1376 adrapinam

223 1417 248 1461 a>
276 1396 414 1466 alterius
427 1394 529 1465 crecti
540 1403 574 1466 et
586 1397 703 1468 attenti
722 1395 746 1466 ¹.
764 1419 782 1465 n

274 1511 321 1581 Ea
339 1519 412 1582 erat
426 1507 559 1582 Attalus
576 1512 611 1581 in
628 1511 770 1582 dicendo
788 1512 938 1583 animiet
956 1511 1082 1604 liuguae
1094 1512 1265 1600 libertate,

228 1628 273 1698 ita
290 1627 419 1720 impetu
433 1627 662 1721 abripiebatur
676 1639 726 1718 ut,
744 1649 822 1698 cum
839 1647 973 1698 morum
992 1647 1171 1700 censuram
1190 1648 1270 1722 uge-

228 1752 289 1829 ret,
302 1765 370 1813 non
382 1763 515 1837 semper
528 1763 549 1814 a
562 1745 782 1836 regnantibus
796 1745 1007 1816 abstinuerit.
1023 1772 1040 1808 ι(
1053 1743 1137 1842 Ipse
1149 1764 1270 1841 regom

226 1881 263 1929 se
280 1882 356 1930 esse
374 1855 521 1930 dicebat
538 1885 548 1929 .·
566 1855 633 1930 sed
647 1859 734 1958 pius
750 1883 864 1959 quam
886 1881 1042 1958 regnare
1062 1853 1150 1930 midi
1167 1857 1270 1930 vido·

226 1971 352 2062 batur,
362 1978 425 2045 cui
436 1973 558 2046 liceret
570 1997 767 2046 censuram
779 1998 890 2072 agere
901 1977 1192 2072 regnantiuml.»
1204 1975 1271 2046 Sed

226 2089 292 2160 hoc
314 2090 361 2159 illi
390 2112 458 2160 non
485 2093 549 2160 init
572 2092 726 2183 impune3
752 2113 832 2160 nam
860 2115 877 2157 α
906 2113 931 2158 a
953 2087 1089 2186 Sejano
1115 2091 1270 2160 circum·

226 2208 383 2302 scriptas
396 2205 515 2276 solum
532 2219 672 2276 uertere
688 2219 841 2276 coactus
859 2218 913 2275 est
927 2207 952 2274 ³.
984 2231 1002 2272 n
1031 2207 1077 2292 Is,
1103 2215 1269 2297 quantum

229 2320 346 2408 sciam,
363 2321 492 2416 primus
510 2323 660 2393 omnium
677 2321 953 2415 philosophorum
971 2322 1015 2392 ab
1033 2321 1170 2392 ineunte
1182 2321 1271 2416 prin·

229 2437 341 2528 cipatu
362 2460 481 2532 poenas
496 2439 689 2532 potentibus
707 2437 813 2508 dedit.
835 2435 880 2508 rit
898 2459 939 2508 ea
957 2459 1013 2508 res
1034 2437 1133 2508 nobis
1162 2437 1272 2530 aperit

227 2563 354 2644 quanta
373 2562 461 2624 essct
485 2555 519 2624 in
538 2553 662 2624 scholis
678 2553 812 2624 dicendi
831 2553 983 2641 libertae,
998 2562 1199 2648 quantaque
1217 2553 1270 2624 di-

228 2669 375 2740 centium
395 2670 592 2758 auctoritas,
614 2691 693 2762 quae
711 2670 797 2740 adeo
816 2651 1065 2741 formidaretur.
1088 2667 1173 2740 Nam
1193 2691 1271 2741 cum

228 2787 341 2856 omnia
358 2787 392 2856 in
404 2788 491 2858 urbe
505 2798 596 2858 metu
610 2789 763 2880 perculsa
777 2798 904 2875 essent,
920 2809 988 2858 una
1000 2807 1085 2857 ausa
1101 2795 1153 2856 cst
1165 2785 1272 2879 philo·

229 2901 348 2994 sophia
373 2912 489 2972 contra
514 2902 761 2973 dominantium
789 2903 958 2974 licentiam
994 2913 1107 2987 stare,
1139 2903 1273 2992 illisque

228 3037 318 3088 nunc
342 3019 549 3112 exprobrare
571 3017 804 3088 crudelitatem
828 3027 862 3087 et
892 3019 1033 3110 flagitia,
1057 3027 1095 3088 ut
1120 3015 1267 3108 AttaluS,

227 3157 318 3206 nunc
335 3137 449 3207 verbis
467 3136 662 3220 lenioribus,
678 3146 718 3206 ut
729 3137 871 3224 Seneca,
887 3136 1133 3206 humanitatem
1145 3145 1180 3206 et
1190 3135 1269 3206 ›cle-

228 3252 389 3323 mentiam
402 3252 678 3324 commendaret
701 3255 786 3338 Quae
798 3254 883 3325 ratio
896 3273 964 3324 non
984 3253 1128 3322 multum
1142 3251 1269 3323 discre-

228 3376 288 3460 pat
304 3368 428 3439 abillis
442 3369 595 3464 partibus
610 3388 710 3462 quae,
732 3369 821 3464 apud
838 3379 972 3440 nostros
985 3366 1151 3456 homines,
1168 3363 1270 3437 chris·

230 3481 330 3554 tianae
349 3483 521 3578 religionis
533 3485 698 3556 antistites
709 3507 777 3556 non
794 3487 842 3557 ita
857 3486 985 3581 pridem
1007 3483 1231 3555 sustinebant.

278 3599 472 3673 Fabianus
483 3600 680 3698 (Papirius),
699 3626 718 3674 e
736 3603 852 3674 schola
866 3603 1073 3688 Sextiorum,
1089 3600 1203 3672 docuit
1221 3601 1269 3670 ia·
1308 3642 1422 3699 mm,

229 3716 339 3786 eunde
360 3726 392 3786 et
415 3717 548 3811 scripsit
564 3719 739 3813 praeclare,
766 3729 949 3811 utrumque
975 3715 1108 3814 lingua
1135 3715 1266 3787 lutirzct.
1323 3699 1411 3746 Μ·

266 3893 272 3924 ¹
292 3897 340 3958 Ep.
354 3915 433 3948 mu.

265 3981 274 4010 ²
288 3985 335 4046 Ep.
350 4003 418 4038 ovrrr.

266 4069 275 4098 ³
294 4073 396 4122 Suasor.
411 4073 438 4122 2.
491 4098 493 4104 .

267 4159 274 4188 ⁴
288 4157 327 4212 Do
340 4158 503 4226 clementio,
515 4175 535 4222 r,
551 4161 592 4212 le.
605 4163 702 4214 Attalus
717 4163 749 4213 de
762 4161 945 4226 questionibus
955 4162 1111 4214 naturalibus
1121 4161 1199 4212 libres
1211 4160 1268 4211 edl-

230 4249 316 4308 dcml;
335 4262 394 4302 narn
409 4253 505 4302 Senem
521 4264 553 4300 ει
571 4255 672 4312 Quanto
686 4253 824 4314 simplicior
842 4253 931 4303 divisio
947 4257 1002 4315 est,
1018 4264 1067 4316 qua
1088 4252 1205 4302 utebatur
1219 4251 1269 4301 At-

230 4339 412 4398 clamosior,
429 4340 472 4402 qui
485 4341 647 4391 Etruscorum
666 4339 825 4403 discipllnum
842 4351 920 4404 greca
941 4342 1079 4393 subtilitate
1092 4341 1235 4390 miscuerat.
1255 4355 1266 4382 υ

233 4422 279 4493 (Q.
295 4441 321 4478 ¹¹·
335 4447 364 4491 ¹1.
380 4425 440 4492 ⁵0·)
