3158 5158
619 431 758 485 ..77-

159 555 335 625 luxuriam
356 575 396 626 ac
417 553 551 626 divitias
563 554 840 645 concionabatur,
857 564 1105 648 paupertatem,
1118 568 1210 629 tem·

158 673 361 765 palantiam,
375 681 511 742 tenuem
523 670 664 759 victum,
679 669 839 741 laudibus
852 671 1050 760 extollebat,
1067 675 1207 772 etquasi

162 810 309 880 poenasa
322 807 463 880 corpore
478 785 615 878 exigere
627 784 803 877 jubebat¹.
818 783 920 881 Apud
938 787 1075 858 eosdem
1093 791 1209 861 Sotion

160 901 204 972 de
218 902 417 973 animalium
433 899 635 970 abstinentia
651 899 860 994 disputabat,
872 910 906 973 et
917 903 1206 994 optimumquem-

165 1040 235 1110 que
261 1016 463 1089 hortabatur
489 1025 528 1086 ut
555 1017 704 1086 animum
728 1016 794 1088 bac
818 1015 910 1087 loeda
939 1038 1041 1088 carne
1069 1039 1209 1109 gravem

161 1141 337 1204 excuteret
350 1140 383 1202 et
397 1131 585 1204 vindicaret
597 1133 631 1202 in
645 1132 847 1203 libertatem.
863 1131 1001 1203 Sextius
1015 1154 1110 1220 vero,
1128 1132 1210 1203 dum

160 1250 262 1321 fortia
276 1258 310 1318 et
319 1248 428 1319 virilia
438 1249 653 1343 praeciperet,
667 1247 766 1342 quasi
782 1245 937 1319 militiam
950 1249 1084 1320 virtutis
1098 1249 1151 1318 his
1157 1249 1211 1339 ju·

163 1365 310 1437 renibus
330 1364 476 1458 indicere
496 1363 689 1451 videbatur,
711 1375 745 1436 et
766 1365 903 1434 nomina
924 1365 1091 1452 scribere,
1113 1374 1146 1436 et
1166 1365 1211 1436 ad

162 1490 274 1552 castra
291 1480 516 1574 philosophiae
537 1481 718 1568 abducere,
746 1490 784 1550 nt
804 1504 881 1551 cum
907 1481 1094 1570 laboribus,
1122 1481 1210 1574 peri·

164 1597 264 1686 ealle,
279 1606 311 1666 et
329 1597 476 1667 fortunae
497 1597 633 1668 casibus
652 1597 898 1690 depugnarent,
916 1597 1073 1688 Deosque
1091 1618 1211 1689 aequa·

166 1720 244 1782 rent
262 1713 468 1784 fortitudine.
493 1712 614 1783 Nonne
634 1722 746 1782 autem
763 1733 882 1782 censes
898 1733 938 1782 ea
951 1722 1032 1782 tnnc
1048 1711 1162 1782 multis
1174 1711 1209 1782 in

166 1825 480 1921 scholispraedicata
490 1828 811 1918 esseetgraviesime
823 1823 1010 1921 perorata?
1024 1828 1209 1920 Postquam

163 1944 317 2034 magistri
327 1944 375 2014 sic
384 1945 575 2016 convicium
584 1943 1016 2032 seculimcribusfecerant,
1031 1955 1063 2016 ct
1076 1957 1208 2038 turpem

164 2078 205 2127 ac
222 2081 381 2152 spurcam
392 2059 552 2132 vitiorum
561 2059 745 2151 imaginem
755 2059 1026 2130 adolescentibus
1037 2060 1209 2130 exhibue-

166 2185 267 2259 rant,
290 2174 504 2244 attollebatur
537 2195 654 2244 eorum
677 2174 797 2258 oratic,
822 2184 855 2243 et
876 2176 1050 2267 exemplar
1073 2175 1209 2244 virtutis

164 2308 271 2381 supra
293 2287 450 2358 homines
465 2288 625 2381 positum,
655 2288 747 2358 omni
767 2287 842 2358 labe
869 2287 1052 2380 integrum,
1077 2289 1208 2380 fulgore

166 2403 280 2474 affuso
301 2405 547 2476 circumlucens
571 2405 801 2476 ostentabant.
823 2405 854 2475 ls
871 2415 944 2475 erat
959 2409 1124 2504 sapiens,
1150 2407 1208 2497 qui

162 2529 259 2590 stans
272 2521 307 2589 in
321 2521 442 2608 ardun,
462 2529 494 2592 et
515 2542 654 2616 aspero,
679 2531 712 2591 et
730 2522 931 2613 confragoso
947 2522 1095 2612 quodam
1117 2521 1205 2608 loce,

163 2635 388 2707 fortissimum
400 2649 570 2730 quemque
585 2634 761 2708 adhortari
776 2646 808 2708 et
818 2660 901 2710 voce
915 2637 1130 2732 imperatoria
1144 2639 1208 2709 sub

161 2747 271 2842 signis
293 2754 366 2824 suis
389 2775 598 2846 congregare
621 2753 835 2825 videbatur².
862 2754 929 2825 Sed
951 2776 995 2826 ne
1016 2754 1207 2849 desperatio

160 2866 310 2937 adeundi
322 2877 454 2938 teneros
467 2869 579 2940 adhuc
593 2891 633 2938 ac
645 2867 890 2962 parumfirmos
906 2870 1205 2962 frangeretlenio·

159 2982 400 3069 nibusverbis,
416 2983 606 3075 etquadam
616 2984 830 3076 praecipiendi
838 2983 996 3057 facilitate
1010 2985 1207 3055 ethumani-

161 3098 438 3189 tatelanguentes
448 3097 638 3190 erigebant.
651 3099 900 3169 Sextiumenim
908 3099 1207 3171 etFabianumlau·

162 3213 224 3283 dat
235 3213 362 3284 Seneca
372 3213 478 3306 quod,
491 3236 567 3285 cum
583 3214 740 3284 virtutem
748 3235 852 3305 quam
865 3215 1205 3309 maximeoptandam

160 3329 391 3416 ostenderent,
411 3328 565 3401 eamdem
580 3351 648 3400 non
664 3329 775 3400 aviam
790 3331 937 3402 facerent
950 3333 975 3401 ³.
1001 3330 1069 3402 lllis
1091 3343 1204 3404 autem

162 3464 206 3514 eo
224 3443 325 3513 modo
341 3444 598 3536 disserentibus,
615 3454 647 3516 et
667 3444 823 3534 Catones,
846 3446 1037 3542 Scipiones,
1069 3447 1203 3536 Latios,

163 3559 307 3630 invictos
319 3562 485 3633 adversus
497 3561 682 3653 aequalium
697 3561 780 3633 vitia
793 3562 899 3654 viros,
917 3563 1203 3651 collaudantibus,

164 3697 299 3765 graves,
316 3685 350 3747 et
372 3686 499 3749 sanctae
524 3697 626 3748 voces
647 3678 883 3772 erumpebant,
905 3679 995 3751 unde
1012 3679 1078 3773 ipsi
1098 3701 1206 3752 voca-

164 3790 289 3861 bantur
302 3791 485 3886 prudentes
504 3803 537 3863 et
553 3793 658 3864 sancti
678 3794 705 3864 ⁴.
726 3794 853 3868 Aderat
873 3797 978 3883 enim,
999 3807 1032 3868 et
1054 3797 1205 3888 gravita-

202 3991 208 4018 ¹
225 4009 238 4039 a
250 3995 378 4046 Laudabat
389 3995 487 4047 Attalus
501 3997 616 4048 culcitam
629 4011 684 4060 qua
693 3997 820 4051 resisteret
832 4001 940 4063 corpori.
958 4015 973 4050 a
983 4003 1031 4064 Ep.
1042 4021 1109 4052 cvm,
1123 4028 1154 4038 -
1168 4003 1206 4052 De

165 4073 345 4204 fflffinibus,
360 4075 418 4126 vide
429 4081 503 4138 caput
519 4076 768 4140 v1,ubideSertio,
784 4079 879 4136 Attalo,
895 4080 1017 4142 Fabiano,
1033 4081 1136 4133 Sotione
1149 4081 1205 4131 dis-

202 4231 211 4262 ²
229 4235 291 4284 Vide
304 4235 425 4287 Senecam
437 4234 486 4304 (lle
503 4235 594 4291 Cenat.
607 4237 763 4308 copientis).

202 4309 272 4376 ³Ep.
286 4333 308 4364 r.
319 4315 412 4377 -b'p
424 4335 483 4366 ων
498 4314 541 4382 (V.
556 4332 611 4381 cap.
626 4317 674 4386 vr).

204 4390 211 4419 ⁴
225 4407 240 4441 a
253 4394 280 4443 st
293 4394 437 4446 invenimus
451 4396 495 4458 qul
510 4410 556 4448 nos
570 4399 650 4450 bonos
663 4401 728 4451 viros
743 4400 819 4464 dicat,
833 4401 876 4465 qui
884 4402 1031 4470 prudentes,
1042 4406 1085 4467 qut
1096 4409 1204 4468 sanctos,
