3168 5150
793 545 913 597 ..4-

331 681 405 760 test,
419 671 543 742 relictis
554 669 697 741 libenter
714 667 908 738 Academiae
917 666 1138 756 umbraculis,
1153 666 1368 738 incestuosas

328 787 436 857 Curiae
456 796 489 857 et
511 788 707 856 Rostrorum
730 783 921 872 conciones,
947 782 1100 855 redivivo
1123 783 1266 876 impetu,
1287 785 1369 855 emi-

327 904 412 973 cat¹.
433 902 467 972 Si
485 901 610 971 liberin
626 901 730 971 libera
740 901 849 994 patria
862 899 1020 991 degisset,
1035 920 1104 970 non
1123 896 1368 968 Tusculanas

325 1021 537 1115 questiones
553 1016 825 1109 conscripsisset,
847 1016 875 1084 si
895 1015 1006 1085 abillo
1025 1022 1163 1085 senatus
1182 1024 1216 1084 et
1233 1013 1296 1084 lori
1309 1037 1368 1084 re-

324 1155 405 1226 gno,
425 1136 517 1228 quod
535 1136 730 1221 exercebat,
752 1156 821 1204 non
845 1142 933 1203 esset
951 1155 1123 1204 armorum
1141 1131 1177 1203 vi
1202 1132 1365 1223 dejectae,

323 1274 392 1323 nou
407 1253 440 1320 in
458 1251 564 1337 libris,
582 1260 618 1320 ut
630 1251 690 1337 ait,
707 1250 1035 1336 concionatusesset,
1052 1248 1367 1342 necaphilosophia

324 1368 449 1438 doloris
475 1367 674 1437 medicinam
700 1365 847 1458 petiisset
867 1367 893 1435 ².
928 1365 1016 1448 Quid
1044 1365 1147 1456 igitur
1171 1363 1215 1434 de
1236 1363 1368 1434 caeteris

322 1483 597 1571 existimandum,
611 1504 688 1552 cum
698 1481 826 1570 virille,
841 1491 944 1551 tantae
961 1481 1196 1566 humanitatis,
1213 1501 1254 1550 eo
1269 1481 1369 1550 fuerit

322 1599 436 1670 animo
461 1621 542 1690 erga
562 1599 672 1670 studia
690 1597 876 1668 doctrinae?
898 1599 974 1668 Non
997 1619 1079 1689 ergo
1099 1597 1221 1667 mirum
1248 1606 1312 1686 est,
1338 1596 1367 1666 si

322 1737 397 1785 eam
419 1717 454 1786 iu
478 1736 620 1785 numero
639 1713 804 1786 leviorum
817 1713 938 1784 artium
962 1723 996 1784 et
1013 1714 1241 1806 graecularum
1257 1707 1367 1804 nu'ga·

322 1853 397 1900 rum
411 1830 535 1922 vulgus
550 1829 730 1922 posuisset,
748 1851 858 1922 neque
872 1830 913 1916 si,
928 1831 982 1900 vel
998 1830 1093 1900 multi
1106 1851 1152 1900 ex
1164 1829 1314 1899 honestis
1326 1850 1368 1898 ac

321 1948 418 2018 bonis
434 1947 516 2019 viris
533 1958 565 2017 et
583 1945 760 2038 magnifice
776 1946 818 2016 de
830 1947 1001 2040 republica
1019 1946 1161 2034 meritis,
1176 1966 1297 2038 parum
1307 1967 1367 2016 eos

320 2072 528 2152 constanter,
555 2083 681 2155 parum
711 2062 860 2152 graviter
883 2082 919 2131 se
942 2083 1058 2152 gerere
1088 2070 1274 2148 censerent,
1307 2060 1367 2153 qui

320 2180 587 2272 quaestiunculas
611 2178 736 2249 otiosas
759 2176 946 2271 inanesque
974 2177 1218 2271 disputationes
1241 2186 1369 2248 tracta-

319 2305 394 2364 rent
414 2297 439 2364 ³.
462 2296 614 2379 Quorum
634 2295 871 2388 pravissimam
890 2294 1083 2386 opinionem
1106 2294 1308 2388 penitusque
1334 2293 1368 2361 in

320 2412 442 2482 animis
468 2413 604 2482 insitam
632 2411 746 2481 Cicero
778 2409 813 2478 in
840 2407 1035 2478 Hortensio
1061 2411 1304 2501 oppugnabat,
1335 2417 1369 2478 et

318 2527 451 2618 quoties
474 2528 516 2598 de
537 2528 577 2597 iis
600 2526 703 2596 rebus
723 2525 768 2594 ad
794 2523 1011 2594 scribendum
1034 2545 1070 2594 se
1089 2525 1243 2612 contulit,
1269 2524 1368 2594 toties

318 2651 468 2714 metuere
488 2641 670 2712 videbatur
692 2663 735 2710 ne
757 2639 850 2732 apud
868 2639 1032 2732 populum
1055 2640 1145 2710 male
1167 2639 1314 2726 audiret,
1334 2649 1369 2710 et

318 2757 545 2853 philosophiae
560 2779 712 2833 causam,
729 2755 829 2824 simul
841 2754 913 2847 ipse
931 2777 1043 2842 suam,
1064 2755 1169 2846 egui.
1183 2753 1227 2824 At
1240 2757 1367 2848 paula-

320 2876 381 2944 tim
414 2874 533 2945 insana
558 2873 613 2942 illa
632 2871 709 2942 odia
726 2871 938 2959 deterbuere‚
967 2879 1000 2941 et
1018 2870 1129 2964 prisca
1150 2893 1284 2942 morum
1308 2871 1366 2943 de—

354 3032 360 3060 ¹
382 3049 398 3081 a
411 3037 464 3096 Ego
479 3040 563 3084 autem
577 3030 668 3098 (dicam
684 3033 764 3094 enim,
777 3036 806 3080 ut
819 3044 859 3080 res
874 3030 932 3096 est),
949 3031 1010 3080 dum
1024 3044 1065 3082 me
1078 3032 1194 3092 ambitio,
1208 3033 1269 3082 dum
1283 3033 1365 3083 hono·

317 3127 366 3176 res,
380 3115 441 3163 dum
453 3127 542 3174 cause,
557 3115 616 3163 dum
631 3113 776 3174 reipublice
787 3126 838 3162 nou
852 3113 932 3161 solum
945 3126 1014 3174 cura,
1027 3113 1071 3162 sed
1087 3114 1202 3175 quaedam
1215 3115 1290 3164 eiiam
1303 3125 1365 3174 pro-

234 3237 237 3245 .
317 3196 411 3245 curatio
423 3197 509 3245 multis
521 3195 608 3244 officiis
624 3194 779 3254 implicatum
795 3199 821 3243 et
833 3194 995 3244 constrictum
1009 3195 1126 3252 tenebat,
1140 3195 1193 3244 hec
1207 3195 1302 3242 inclusa
1316 3194 1364 3242 ba·

316 3275 423 3335 bebam;
440 3281 480 3337 et,
496 3288 528 3324 ne
544 3275 745 3332 obsolescerent,
762 3275 932 3334 renovabam,
947 3287 1025 3336 quum
1041 3275 1145 3334 licebat,
1161 3275 1276 3336 legendo.
1291 3275 1365 3322 Nunc

317 3368 375 3404 vero
396 3361 421 3404 et
439 3355 544 3404 lortuuae
559 3355 706 3415 gravissimo
727 3354 855 3414 perculsus
871 3353 987 3416 vulnere,
1002 3358 1026 3403 et
1041 3353 1260 3402 administratione
1277 3353 1364 3414 reipu-

317 3435 387 3484 blice
398 3435 528 3492 liberatus,
538 3433 630 3482 doloris
641 3434 792 3482 medicinam
804 3446 818 3482 a
829 3433 988 3495 philosophia
1000 3437 1069 3494 peto,
1078 3437 1103 3482 et
1112 3433 1156 3482 otii
1168 3433 1363 3483 oblectationem

316 3514 381 3562 hanc
388 3515 553 3574 ‚iustissimam
564 3514 657 3574 judico.
670 3529 683 3559 u
695 3511 784 3577 (Acad.
797 3515 830 3574 ll,
845 3514 863 3562 l.
875 3516 897 3572 1,
912 3513 948 3576 5.)
962 3540 997 3550 —
1007 3512 1221 3574 «Philosophiam
1235 3513 1307 3562 uobis
1319 3527 1364 3574 pro

316 3595 459 3655 reipublicae
475 3595 648 3655 procuratione
661 3594 823 3644 substitutam
836 3599 951 3656 putamus
955 3630 1009 3646 .....
1021 3595 1095 3642 Nunc
1110 3593 1230 3654 quoniam
1242 3593 1273 3643 de
1287 3607 1362 3656 repu-

315 3675 380 3724 blica
398 3675 494 3724 eonsuli
514 3673 587 3734 empti
607 3687 709 3733 sumus,
730 3675 864 3725 tribuenda
883 3680 922 3726 est
943 3688 1019 3737 opere
1039 3674 1198 3735 reipublice,
1220 3676 1259 3724 vel
1281 3677 1363 3726 omnis

315 3757 397 3817 potius
411 3757 437 3805 ln
450 3755 606 3816 recogitatio
619 3760 644 3806 et
656 3769 713 3805 cura
726 3757 844 3817 ponenda
855 3767 863 3806 t
876 3760 972 3805 tanturn
989 3755 1046 3803 huic
1058 3753 1142 3803 studio
1154 3754 1361 3818 relinquendum,

315 3841 438 3896 quantum
454 3835 550 3886 vacabit
563 3849 577 3884 a
592 3836 693 3897 publico
705 3837 787 3887 officio
802 3841 828 3886 et
840 3849 955 3885 munere.
971 3851 984 3882 n
999 3829 1047 3900 (Dc
1063 3829 1120 3884 div.
1134 3832 1206 3900 mh.)

350 3923 359 3952 ²
379 3923 416 3976 De
435 3927 493 3976 not.
511 3921 598 3988 deor„
615 3947 639 3986 1,
653 3928 727 3976 4.-
742 3923 780 3977 De
795 3922 901 3992 officiis,
916 3943 948 3988 n,
963 3926 987 3976 l.
1004 3951 1037 3960 -
1048 3937 1063 3972 «
1079 3924 1145 3984 Quid
1160 3937 1278 3986 possum,
1294 3937 1360 3988 pre-

315 4007 402 4057 sertim
418 4009 481 4057 nihil
496 4022 583 4070 agens,
598 4021 671 4070 egero
686 4008 793 4058 melius?
810 4027 823 4052 υ
841 4009 922 4068 (susc.
936 4025 969 4068 11,
985 4003 1023 4070 l.)

350 4092 359 4120 ³
379 4107 394 4142 rr
407 4095 472 4144 Sunt
483 4097 552 4146 enirn
567 4096 640 4145 multi
653 4095 695 4157 qui
709 4095 814 4143 omnino
824 4106 914 4155 greces
925 4106 976 4143 non
990 4097 1076 4143 ament
1088 4093 1196 4152 litteras3
1209 4093 1304 4161 plures,
1317 4097 1362 4158 qui

313 4175 512 4237 philosophiam;
530 4177 634 4238 reliqui,
649 4175 746 4224 etiarnsi
766 4175 818 4224 hec
832 4187 883 4224 non
897 4174 1055 4234 improbent,
1071 4179 1155 4224 tamen
1175 4187 1261 4224 earum
1276 4189 1361 4225 rerum

314 4255 509 4316 disputationem
526 4256 680 4318 principibus
700 4254 806 4304 civitatis
824 4253 924 4304 nonita
942 4253 1058 4304 decoram
1078 4258 1177 4317 putent.
1193 4271 1208 4302 n
1230 4253 1319 4320 (acad.
1337 4259 1359 4324 Ι,

314 4335 332 4384 i.
348 4337 383 4397 Il,
399 4335 435 4398 2.)

349 4421 357 4449 ⁴
377 4421 415 4474 Dc
430 4419 517 4490 finib,
529 4442 552 4483 ι,
563 4424 633 4473 1.-
644 4419 720 4474 Tusa.
732 4441 767 4482 11,
779 4424 805 4472 2.
815 4449 851 4461 --
863 4426 895 4473 Et
907 4425 1002 4488 omnia,
1017 4424 1037 4475 si
1051 4427 1131 4490 vacat,
1144 4424 1258 4475 omnium
1277 4425 1358 4476 libro·

313 4515 368 4552 rum
382 4505 494 4564 ejusdem
511 4503 629 4566 perroive
644 4504 774 4566 prooemia.
