3168 5150
763 361 903 414 ..10-

314 487 455 571 dixisse,
471 488 573 559 etiam
591 495 671 558 ante
688 488 724 558 C.
740 487 838 557 Plinii
859 495 1027 579 tempora,
1048 480 1161 552 studia
1177 476 1356 548 bominum

316 604 351 674 in
369 603 434 674 hoc
449 603 598 674 scientiae
610 625 719 695 genus
737 625 879 674 accensa
900 602 1015 671 luisse.

170 741 270 794 Magnam
366 721 549 808 Praeterea,
566 719 697 813 pacatis
710 730 788 812 post
801 719 975 790 Actiacam
992 734 1144 809 pugnam
1156 710 1270 795 rebus,
1287 729 1358 777 ma-

139 791 301 900 rililiiilib
315 839 370 930 jor
387 859 491 931 quam
509 846 608 906 antea
625 836 801 908 doctorum
824 837 976 908 virorum
999 831 1098 924 copia
1110 827 1260 916 undique
1286 825 1359 894 Ro-

153 908 291 956 solempni-c,

155 957 289 1058 wlssffle,
320 977 411 1027 mam
426 953 647 1045 immigravit‚
667 953 858 1046 praesertim
880 975 900 1023 e
921 949 1044 1022 scholis
1065 967 1145 1038 quae
1164 941 1305 1013 Athenis
1327 947 1361 1009 et

320 1071 567 1169 Alexandriae„
582 1072 638 1142 vel
659 1071 753 1164 apud
783 1070 931 1141 Rhodios
952 1076 987 1138 et
1008 1068 1191 1136 Tarsenses
1220 1077 1362 1128 numero

321 1189 564 1283 discipulorum
579 1199 613 1258 et
626 1187 717 1258 fama
731 1187 971 1278 magistrorum
981 1182 1160 1254 florebant.
1176 1177 1265 1246 Nam
1278 1172 1363 1243 mul-

321 1314 375 1376 tos
395 1305 477 1374 olim
502 1303 668 1374 bellorum
690 1302 840 1373 civilium
857 1309 966 1371 metus
989 1295 1151 1368 abitalia
1181 1289 1321 1360 arcebat
1336 1286 1361 1356 ².

324 1421 459 1506 Quanta
470 1441 510 1490 eo
522 1431 673 1512 tempore
686 1418 779 1511 apud
792 1417 899 1488 socios
908 1427 941 1486 et
951 1422 1086 1486 exteras
1097 1416 1215 1500 gentes
1224 1406 1365 1475 Romam

324 1537 457 1610 visendi
479 1537 582 1606 libido
608 1536 781 1627 flagraret,
803 1535 899 1604 testis
925 1543 977 1602 est
998 1531 1120 1600 Strabo
1142 1525 1201 1618 qui
1222 1524 1366 1592 Romam

325 1653 567 1726 Alexandrinis
585 1660 618 1724 ct
640 1653 862 1736 Tarsensibus
880 1645 1092 1743 philosophis
1109 1653 1190 1711 ωηο
1211 1639 1369 1708 refertam

326 1771 431 1840 luisse
447 1769 527 1840 dicit
543 1773 569 1838 ².
591 1767 756 1852 Quamvis
770 1763 974 1859 eloquentiae
989 1760 1099 1854 spatia
1109 1752 1294 1828 admodum
1306 1751 1370 1820 eir·

328 1887 531 1978 cumscripta
549 1895 662 1956 essent
676 1895 708 1955 et
720 1885 869 1955 adducta
882 1881 917 1950 in
933 1889 1077 1964 arctum,
1094 1870 1275 1944 Suetonius
1289 1889 1370 1938 auc·
1397 1907 1398 1910 =

328 2012 382 2074 tor
395 2011 446 2074 est
463 2003 628 2096 plurimos
642 2010 723 2072 ωηο
742 1999 913 2071 exstitisse
929 1993 1062 2066 dicendi
1081 1989 1283 2081 magistros3
1303 2003 1371 2076 quo

331 2121 439 2210 magis
453 2118 661 2189 credendum
682 2127 733 2187 cst
755 2138 824 2186 non
848 2113 994 2185 defuisse
1012 2105 1187 2201 sapientiae
1204 2102 1371 2184 doctores,

331 2259 438 2329 quum
452 2235 488 2306 id
506 2236 657 2306 studium
672 2235 804 2324 vigeret
819 2231 903 2302 adeo
912 2239 945 2300 et
954 2230 989 2297 in
1002 2226 1074 2296 dies
1088 2228 1254 2294 cresceret
1267 2217 1293 2285 ³.
1309 2212 1376 2286 Sed

332 2351 508 2422 interillos
522 2349 719 2442 ejusaetatis
743 2345 962 2440 philosophos
987 2342 1046 2433 qui
1074 2335 1231 2409 ditissimi
1257 2341 1289 2402 et
1314 2331 1376 2400 ho·

334 2467 516 2540 nostissimi
546 2468 712 2558 cujusque
736 2465 873 2534 domum
901 2457 1114 2544 obsidebant,
1142 2459 1201 2522 aut
1227 2447 1375 2532 scholae,

335 2585 483 2654 admisso
497 2585 634 2676 populo,
651 2580 884 2664 instituebant,
895 2576 948 2646 his
961 2571 1150 2667 praesertim
1163 2563 1378 2637 attendemus

336 2700 395 2793 qui
414 2701 516 2770 latine
530 2699 732 2769 docuerunt.

386 2817 441 2886 Ex
472 2815 629 2886 omnibus
662 2821 831 2883 sectarum
856 2805 1029 2900 discipulis
1060 2804 1119 2897 qui
1156 2809 1237 2870 tunc
1263 2798 1380 2867 Romae

338 2943 447 3021 eraut
462 2933 647 3027 Epicureos
665 2939 698 3000 ct
711 2927 839 2998 Stoicos
858 2924 1007 2996 maxime
1021 2930 1055 2992 et
1081 2938 1224 2990 numero
1246 2921 1281 2984 et
1305 2931 1383 2983 anc-

339 3052 473 3124 toritate
486 3051 636 3124 valuisse
654 3054 797 3119 constat.
814 3046 902 3116 Nam
921 3044 1044 3112 latetur
1068 3037 1197 3108 Tullius
1219 3029 1383 3127 populum

341 3191 419 3241 cum
431 3171 577 3263 Epicuro
590 3168 714 3244 lacere,
741 3172 774 3232 et
794 3163 897 3253 vulgo
917 3159 1023 3230 edisci
1036 3155 1203 3248 Epicurea
1215 3147 1337 3241 placita
1350 3145 1382 3232 43

344 3289 438 3361 addit
450 3289 576 3358 multas
584 3295 664 3358 tunc
672 3287 916 3378 Epicureorum
931 3276 1097 3345 adversus
1112 3290 1149 3340 se
1162 3274 1300 3337 exortas
1311 3281 1386 3330 esse

384 3471 389 3498 ¹
405 3485 421 3522 r(
435 3473 488 3522 Nec
500 3471 649 3520 Ciceronem
664 3466 767 3528 quidem
780 3465 837 3512 atas
853 3459 916 3509 mihi
930 3457 1065 3518 cripuerat,
1082 3449 1126 3500 sed
1139 3446 1264 3497 bellorum
1275 3441 1387 3492 civilium

346 3564 425 3625 lutor,
436 3562 480 3623 qui
495 3565 554 3610 ωηο
564 3563 644 3608 toturn
658 3555 747 3606 orbern
761 3551 952 3615 pervagabatur,
966 3548 1033 3594 intra
1044 3539 1169 3591 coloniam
1179 3545 1262 3585 meam
1277 3545 1318 3583 mc
1329 3543 1389 3582 con-

347 3653 433 3702 tinuit.
450 3665 465 3701 »
481 3648 581 3718 (senec.
592 3647 667 3698 Rhet.
682 3649 763 3695 contr.
778 3636 860 3706 prol.)

385 3739 394 3766 ²
414 3763 426 3782 u
439 3736 551 3807 Ταρσέων
566 3731 605 3784 καὶ
622 3728 787 3800 Ἀλεξανδρέων
801 3729 816 3783 ἡ
832 3719 904 3793 Ῥώμη
920 3718 968 3772 ἐστὶ
982 3719 1067 3788 picra.
1080 3739 1092 3759 a
1105 3710 1279 3782 (L.x1v‚5.)

387 3828 396 3858 ³
414 3833 528 3891 «Quare,
541 3819 880 3889 magno'studiohominibus
893 3815 996 3876 iniecto,
1006 3820 1096 3871 magna
1105 3806 1180 3856 etiam
1188 3803 1355 3865 professorum
1363 3807 1392 3844 οο

351 3899 1063 3980 doctorumprolloxitcopie,adeoquelloruitutnonnulli
1073 3909 1102 3947 ex
1112 3895 1200 3943 infima
1209 3891 1309 3940 fortuna
1318 3887 1344 3934 ln
1353 3897 1393 3934 or·

352 4011 440 4059 dinem
462 4006 615 4058 senatorium
639 4007 714 4066 atquc
733 3999 764 4050 ad
780 4005 891 4046 summos
908 3992 1017 4039 bonores
1031 3981 1210 4048 processerint.
1233 3997 1247 4023 η
1262 3973 1308 4042 (De
1320 3969 1390 4026 clar.

353 4094 423 4148 rhet.
434 4116 452 4148 1.

392 4185 399 4215 ⁴
424 4100 575 4252 orionibus
586 4177 687 4248 ,ξιιμ
702 4190 717 4224 a
730 4175 841 4236 Populus
860 4166 977 4219 cumillis
999 4163 1067 4214 lacit.
1084 4175 1098 4210 a
1120 4185 1153 4197 -
1167 4152 1239 4209 ibid.
1257 4154 1339 4220 111;7.
1357 4174 1393 4185 —-

357 4291 371 4325 a
388 4278 465 4338 cujus
475 4267 616 4338 (Amafinii)
635 4267 706 4317 libris
720 4265 807 4323 editis,
821 4261 946 4312 commota
956 4252 1092 4304 multitudo
1108 4247 1217 4300 conlulit
1231 4258 1258 4295 se
1273 4242 1304 4292 ud
1316 4251 1390 4289 carn·-

356 4367 414 4415 dcm
428 4363 586 4426 potissimum
597 4355 766 4416 disciplinam.
780 4369 794 4398 ιι
813 4346 902 4418 (Tusa.
913 4345 1011 4414 qttoesl.
1028 4362 1064 4402 ιν,
1078 4337 1117 4405 5.)
