3168 5150
774 355 896 408 ..6-

314 504 426 571 nemo,
446 483 512 552 nisi
533 501 652 574 pravae
671 479 794 551 indolis
817 489 875 550 aut
900 479 1044 557 stolidae,
1070 489 1103 550 et
1131 481 1359 554 submissioris

314 599 359 669 ad
370 610 495 668 terram
514 597 631 683 animi,
650 596 693 666 ab
708 617 747 665 eo
767 595 945 666 abhorruit
962 596 1063 688 idque
1080 597 1244 690 despexit.
1262 598 1359 670 Adde

314 714 420 807 quod,
439 721 660 806 gravescente
679 734 760 782 mox
779 713 923 783 civitatis
936 713 1135 801 valitudine,
1152 724 1186 784 et
1198 715 1359 786 saeviente

314 831 348 899 in
361 831 524 924 populum
537 850 714 899 romanum
728 830 875 916 fortuna,
887 829 994 918 major
1007 829 1041 897 in
1052 829 1125 898 dies
1139 831 1263 900 civium
1277 833 1359 922 fuga

314 947 358 1017 ad
371 945 621 1039 philosophiam
634 947 722 1014 facta
734 953 799 1031 est,
821 954 854 1014 et
870 944 915 1015 ad
924 946 980 1015 illa
993 948 1198 1042 sapientum
1210 945 1355 1044 templa,

315 1071 412 1132 extra
424 1063 594 1132 humanos
611 1081 711 1132 casus
723 1061 843 1154 posita.

152 1183 283 1255 lernam
363 1178 428 1248 Ubi
451 1199 547 1264 vero,
576 1177 714 1247 remotis
743 1197 822 1268 quae
849 1176 962 1246 adhuc
986 1177 1184 1247 obstiterant
1214 1178 1357 1271 impedi-

171 1261 259 1298 ingemo

132 1306 203 1409 1³„ng
203 1299 272 1408 Ἢ
275 1354 297 1402 u
314 1294 450 1380 mentis,
467 1291 606 1362 liberius
621 1293 655 1360 in
662 1291 728 1361 hoc
742 1292 929 1364 studiorum
939 1313 1059 1385 campo
1072 1293 1261 1385 exspatiata
1281 1301 1359 1364 sunt

171 1407 261 1456 fairw-
314 1409 462 1502 ingenia,
484 1417 564 1478 tunc
577 1408 733 1478 ellectum
746 1418 809 1496 est,
829 1408 920 1500 quod
939 1408 1053 1478 Cicero
1072 1408 1304 1499 inchoaverat,
1322 1420 1360 1480 ut

315 1525 481 1615 doctrina,
492 1545 692 1618 quanquam
711 1547 729 1594 e
743 1524 865 1614 graecis
879 1526 1060 1618 praeceptis
1075 1533 1243 1596 constaret
1261 1535 1294 1596 et
1307 1527 1357 1595 in-

314 1641 438 1731 ventis,
454 1651 566 1712 tamen
577 1642 687 1732 magis
698 1663 737 1711 ac
747 1642 1120 1736 magisromanipopuli
1130 1665 1254 1732 mores,
1268 1643 1360 1713 etin-

315 1758 438 1846 dolem,
452 1757 658 1851 vivendique
673 1780 713 1828 ac
723 1758 856 1830 dicendi
872 1759 1150 1829 consuetudinem
1161 1760 1312 1849 referret,
1328 1769 1362 1830 et

314 1895 392 1965 quae
414 1873 694 1963 omniumvulgo
718 1874 998 1967 philosophorum
1021 1875 1145 1944 scholis
1169 1875 1361 1946 communia

315 1997 424 2076 erant,
442 2010 482 2058 ea
499 1989 543 2058 ab
555 1989 716 2058 Romanis
734 1990 870 2081 proprie
883 1989 1085 2061 dicerentur.
1105 1991 1274 2079 Ceterum,
1297 2013 1361 2084 po-

314 2105 384 2200 puli
394 2107 525 2176 romani
538 2105 711 2196 ingenium
729 2126 797 2175 non
809 2106 984 2177 infeliciter
995 2117 1117 2177 natura
1127 2116 1361 2200 comparatum

314 2230 387 2292 erat
410 2221 455 2292 ad
481 2222 649 2314 quasdam
673 2222 899 2316 philosophiae
924 2233 1041 2316 partes
1067 2224 1245 2294 commode
1264 2245 1363 2293 exse·

240 2361 242 2366 ·
316 2337 491 2431 quendas:
527 2337 573 2405 illi
604 2338 694 2407 enim
724 2339 831 2408 elatus
858 2339 994 2420 abunde
1026 2340 1176 2431 spiritus,
1209 2340 1363 2429 gravitas

317 2475 463 2543 summa,
484 2454 685 2543 constantia,
709 2455 827 2542 robur,
852 2477 1025 2548 quaecum
1050 2455 1192 2526 fortibus
1214 2454 1362 2546 philoso-

317 2569 464 2663 phorum
478 2571 655 2663 praeceptis
668 2571 906 2665 nobilibusque
917 2571 1090 2641 sententiis
1102 2571 1187 2640 mire
1200 2591 1364 2662 congrue·

317 2687 402 2758 bant
416 2685 442 2756 ¹.
464 2686 535 2756 Hoc
552 2695 665 2757 autem
680 2688 715 2756 in
730 2710 771 2758 eo
790 2688 933 2779 insigne,
949 2687 1042 2778 quod
1050 2687 1085 2757 vi
1095 2708 1134 2756 ao
1149 2686 1363 2758 vehementia

319 2802 428 2892 magis
447 2803 595 2896 pollebat
609 2826 713 2895 quam
736 2813 836 2874 acuto
855 2803 1003 2896 quodam
1021 2813 1053 2873 et
1072 2803 1184 2873 subtili
1205 2803 1363 2895 tenuique

318 2917 371 2988 vel
392 2917 524 2989 dicendi
544 2921 596 2989 vel
610 2920 823 3012 excogitandi
843 2941 978 3010 genere,
991 2927 1023 2988 et
1041 2925 1176 3012 propter
1190 2918 1364 2990 assiduam

319 3041 489 3103 tantorum
518 3034 610 3104 domi
631 3057 671 3105 ao
698 3035 826 3106 militiae
850 3035 1064 3125 negotiorum
1092 3035 1359 3128 occupationem,

318 3171 472 3241 quaerere
491 3161 686 3222 assueverat
703 3174 747 3222 ex
761 3152 913 3221 doctrina
927 3152 961 3222 id
976 3153 1088 3245 potius
1108 3152 1213 3244 quod,
1231 3151 1302 3220 sive
1320 3151 1363 3220 ad

318 3266 1363 3358 vilamordinandam‚siveadrempublicamadministrandam

319 3382 536 3471 conduceret,
561 3404 665 3474 quam
689 3384 782 3475 quod
802 3383 928 3474 ingenii
949 3384 1120 3454 solertiam
1141 3392 1313 3453 exerceret
1331 3392 1382 3478 et,

318 3499 545 3568 ostenderetl.
568 3497 695 3590 ltaque,
709 3497 801 3568 illam
817 3499 1030 3591 potissimum
1046 3498 1270 3591 philosophiae
1286 3521 1363 3593 par·

319 3623 387 3684 tem
407 3615 511 3685 secuti
526 3616 770 3704 sunthomani,
782 3618 1015 3710 quaepertinet
1033 3616 1213 3703 admores,
1233 3616 1308 3685 etin
1324 3637 1363 3685 ea

356 3809 362 3835 ¹
385 3827 398 3857 u
412 3811 461 3862 Sed
476 3824 561 3860 meum
578 3813 810 3874 semperjudiciom
824 3814 884 3874 luit,
900 3814 986 3862 omnia
1001 3817 1099 3862 nostros
1115 3817 1158 3862 aut
1176 3812 1303 3861 invenisse
1320 3824 1364 3872 per

320 3913 346 3949 se
361 3902 498 3961 sapientius
512 3913 585 3961 quam
598 3903 709 3965 Graecos,
723 3908 765 3952 aut
777 3906 876 3963 occepta
890 3903 921 3950 ab
937 3903 985 3952 illis
1000 3902 1087 3951 iecisse
1101 3902 1219 3958 meliora,
1236 3913 1290 3961 quaa
1303 3900 1363 3960 qui-

321 3989 379 4039 dem
396 3989 472 4051 digna
486 3991 646 4050 statuissent,
665 3993 690 4040 in
711 3992 801 4052 quibus
822 3992 979 4041 elaborarent
983 4027 1035 4042 .....
1053 3994 1114 4049 Qua
1135 3992 1202 4038 enim
1221 3994 1287 4038 inrita
1304 4003 1363 4050 gru·

321 4079 393 4138 vitas‚
410 4092 465 4140 quaa
480 4083 548 4128 tanta
565 4081 715 4138 constantia,
732 4081 878 4142 magnitudo
898 4080 986 4140 animi,
1007 4079 1126 4141 probitas,
1145 4079 1217 4137 fides,
1238 4091 1293 4140 quaa
1314 4082 1363 4125 tam

321 4167 446 4217 excellens
461 4167 486 4216 in
501 4169 571 4217 omni
587 4181 679 4230 genere
692 4170 769 4218 virtus
782 4170 878 4218 inullis
892 4169 947 4229 luit,
962 4175 989 4218 ut
1001 4169 1033 4218 sit
1047 4182 1104 4218 cum
1119 4167 1256 4230 maioribus
1273 4165 1364 4216 nostris

322 4256 527 4318 comparanda.»
544 4253 631 4322 (Tusc.
645 4277 669 4321 1,
684 4255 717 4320 t.)

359 4343 367 4371 ²¹
387 4346 470 4407 Scipio
487 4346 552 4408 apud
568 4348 648 4397 Cicer.
665 4365 677 4392 (ι
695 4347 864 4406 Quamobrem
884 4352 941 4410 peto
958 4361 972 4398 a
987 4348 1071 4408 vobis,
1089 4351 1117 4398 ut
1135 4359 1176 4396 mc
1194 4345 1229 4396 sic
1244 4342 1360 4404 audiatis,
