3168 5150
865 421 1005 475 ...⁴2-

416 575 434 612 >l
462 551 512 619 tes
521 545 703 639 objurgare
711 545 894 634 Romanos,
911 548 1015 640 quod,
1030 564 1109 618 cum
1117 542 1342 618 humilitatem
1354 566 1456 620 suam

416 690 435 732 n
462 664 643 734 obscurare
664 664 809 756 possint,
833 662 1028 734 ostendunt.
1057 663 1123 734 Sed
1145 663 1222 735 haec
1243 683 1312 734 non
1334 671 1459 758 putant

414 805 434 848 n
460 799 598 872 magua,
619 779 684 850 uisi
703 781 899 874 apparuerit
915 799 961 852 ex
972 779 1088 873 parvis
1102 779 1290 852 surrexisse
1302 779 1327 850 ¹.
1350 805 1367 847 n

460 891 518 966 De
536 892 794 967 mesericordia.
809 893 920 967 Etiam
934 895 1093 968 Horatius
1104 895 1258 967 homines
1270 917 1361 989 saepe
1372 895 1458 968 hor·

305 1064 308 1074 .
412 1020 504 1082 tatur
516 1020 554 1081 ut
572 1012 685 1082 colant
702 1012 962 1100 humanitatem,
977 1012 1087 1083 aliena
1102 1012 1184 1083 vitia
1197 1012 1314 1083 leviter
1328 1014 1454 1102 lerant,

413 1147 525 1219 neque
535 1149 571 1198 se
588 1136 749 1221 praestent
757 1127 877 1199 ceteris
895 1128 1056 1217 iulensoS,
1075 1129 1209 1199 sibimet
1225 1129 1405 1200 clementes
1426 1131 1455 1199 2.

412 1243 540 1315 Eadem
559 1245 651 1337 apud
660 1242 811 1315 rhetores
828 1269 835 1312 :
858 1269 876 1308 a
893 1243 1001 1315 Nemo
1015 1265 1114 1336 paene
1129 1245 1200 1314 sine
1218 1244 1301 1315 vitio
1314 1252 1383 1334 est,
1399 1243 1459 1315 ille

412 1359 608 1448 iracundus,
621 1359 676 1431 ille
686 1359 929 1432 libidinosus³..
939 1412 962 1431 ..
976 1359 1084 1429 Nemo
1096 1359 1337 1450 sinevitioest3
1349 1360 1384 1429 in
1398 1360 1460 1432 Ca-

413 1485 493 1548 tono
513 1474 715 1564 moderatio,
726 1477 760 1546 in
770 1475 930 1547 Cicerone
941 1475 1143 1562 constantia,
1158 1476 1194 1544 in
1207 1477 1300 1546 Sulla
1311 1476 1459 1548 clemen-

413 1592 460 1663 tia
479 1590 735 1665 desideratur...
762 1613 881 1664 omues
905 1592 1120 1686 peccavimus
1138 1592 1165 1662 ⁴.
1189 1617 1206 1660 o
1228 1592 1316 1663 Huic
1336 1592 1458 1664 aderat

413 1710 655 1782 controversiae
671 1711 713 1779 D.
738 1708 925 1800 Augustus,
939 1730 1016 1779 cum
1030 1703 1222 1780 Maecenate
1249 1717 1283 1779 ot
1300 1709 1457 1802 Vipsanii

412 1823 576 1919 Agrippae
588 1825 717 1916 liberis,
733 1845 820 1918 quos
833 1823 934 1894 modo
946 1824 980 1892 in
990 1831 1129 1918 penates
1144 1845 1336 1917 nomenque
1346 1823 1461 1896 Caesa-

414 1963 490 2012 rum
515 1941 727 2030 adsciverat3
756 1949 828 2011 tum
846 1936 985 2010 Porcius
1009 1941 1123 2028 Latro,
1148 1941 1208 2032 qui
1230 1939 1455 2031 declamabat,

413 2056 600 2150 principem
614 2069 648 2128 ct
656 2077 780 2152 pueros
790 2077 899 2150 nuper
906 2055 1084 2150 adoptatos
1095 2053 1232 2148 oblique
1244 2055 1456 2149 perstrinxit,

413 2174 516 2266 idque
530 2175 669 2267 impune
691 2202 700 2243 ε
727 2197 743 2241 a
760 2182 890 2243 tantum
907 2174 972 2243 sub
993 2171 1073 2242 divo
1094 2169 1248 2263 Augusto
1271 2171 1364 2243 licuit
1382 2174 1411 2241 ⁵.
1437 2202 1454 2238 »
1555 2179 1556 2264 j

414 2329 461 2341 -
475 2289 582 2360 Gallio
610 2289 738 2376 rhetor,
759 2288 862 2374 idem,
880 2295 919 2356 ut
939 2287 1072 2380 opinor,
1092 2287 1151 2380 qui
1169 2288 1305 2358 Senecae
1316 2287 1458 2359 fratrem

414 2407 585 2477 Novacum
604 2405 794 2499 adoptavit,
820 2404 863 2474 de
885 2403 1005 2474 eodem
1024 2404 1095 2474 fere
1117 2411 1316 2494 argumento
1339 2403 1453 2474 dixit:

418 2545 435 2588 a
462 2517 575 2593 Nulli
591 2515 758 2592 interdici
774 2515 1069 2590 mirericordiam.
1099 2516 1202 2606 Quid,
1235 2521 1263 2589 si
1275 2515 1373 2614 flere
1401 2543 1458 2592 me

417 2663 435 2704 n
462 2651 577 2727 veter,
605 2657 690 2707 cum
701 2631 784 2705 cidi
795 2633 972 2706 hominem
986 2631 1404 2724 calamitosum⁶PQuid,
1429 2637 1458 2708 si

416 2782 434 2818 >2
462 2763 556 2825 vetes
580 2763 717 2845 propter
736 2751 876 2843 aliquod
902 2751 1082 2822 honestum
1109 2751 1235 2822 lactum
1257 2753 1458 2846 periclitanti

417 2897 435 2936 n
463 2867 601 2940 favere?
615 2866 766 2938 Affectus
778 2867 884 2938 nostri
894 2868 928 2936 iu
937 2875 1053 2938 nostra
1063 2875 1228 2962 potestate
1246 2878 1336 2940 sunt.
1353 2869 1458 2954 Quae·

416 3013 433 3049 »
462 2983 542 3056 dam
556 2984 645 3055 enim
655 2985 735 3076 jura
751 3007 820 3056 non
840 2985 978 3078 scripta,
996 2984 1055 3056 sed
1069 2985 1227 3057 omnibus
1242 2985 1375 3079 scriptis
1387 3008 1459 3059 cer-

416 3131 434 3170 »
462 3101 547 3174 tiora
560 3110 651 3174 sunt.
670 3101 835 3187 Quamvis
852 3100 941 3174 filius
955 3101 1092 3172 familiae
1114 3101 1192 3190 sim,
1212 3101 1288 3174 licet
1317 3102 1401 3174 mihi
1425 3111 1459 3174 et

452 3325 458 3355 ¹
474 3327 594 3380 controv.
607 3344 626 3389 1,
643 3323 670 3378 6.

450 3459 459 3489 ²
608 3457 838 3521 Quamtemereln
854 3459 1187 3522 nosmetlcgemrnnclmus
1202 3457 1331 3522 iniquam!

606 3551 672 3601 Nam
685 3549 753 3601 vitiis
766 3556 843 3600 uerno
859 3551 915 3601 ulna
927 3552 1048 3601 nascitur.
1063 3550 1180 3612 Optimus
1190 3549 1234 3600 llle
1250 3555 1289 3602 cst

611 3641 660 3700 Qul
673 3640 788 3690 minimis
803 3645 914 3702 urgetur.
931 3638 1035 3691 Amicus
1048 3639 1138 3699 dulcis,
1153 3642 1180 3689 ut
1195 3653 1296 3703 equum
1309 3645 1358 3706 cst,

608 3729 672 3780 Cum
687 3741 744 3780 maa
756 3728 979 3791 compensaturus
995 3727 1079 3785 bona.
1096 3727 1209 3790 pluribus
1223 3728 1301 3791 hisce,

612 3818 639 3870 Si
649 3817 724 3868 modo
736 3817 808 3881 plura
821 3818 885 3868 mihi
897 3816 964 3867 bona
976 3820 1044 3876 suut,
1059 3817 1166 3868 inclinet
1182 3831 1189 3867 ε
1206 3817 1286 3868 amari

610 3908 774 3960 simiorum
789 3907 855 3971 lcssc,
866 3907 893 3957 ln
903 3906 997 3957 trutina
1010 3910 1119 3969 ponetur
1128 3907 1227 3958 cadem.
1241 3905 1300 3972 (Sat.
1314 3923 1353 3971 nr,
1366 3905 1387 3960 1.
1397 3901 1431 3975 1.)

453 4038 566 4092 'cunin
578 4059 613 4102 ιν,
628 4039 673 4091 25.
770 4113 773 4121 Ι

454 4129 462 4160 ⁴
477 4132 565 4181 Contu.
576 4149 605 4188 11,
618 4129 663 4181 la.

454 4218 462 4245 ⁵
476 4223 508 4271 Et
519 4219 580 4271 lllud
595 4219 713 4283 preclare
731 4217 840 4277 dictum,
854 4217 880 4266 ln
897 4215 985 4266 cadem
1003 4215 1191 4272 controversia,
1202 4227 1218 4264 a
1229 4215 1308 4265 Fabio
1320 4215 1428 4265 Maxlmo
1443 4228 1450 4262 ε
1551 4191 1552 4198 ¹

419 4323 433 4360 c
447 4312 542 4360 Omnes
555 4308 650 4370 aliquid
664 4307 696 4358 ad
711 4318 757 4357 nos
768 4304 889 4356 imbecilll
902 4340 908 4366 ,
921 4297 993 4357 atter
1005 4298 1122 4355 citerius
1133 4314 1227 4367 cccc,
1242 4302 1390 4356 detulimus.
1406 4318 1420 4352 r

454 4399 463 4425 ⁶
483 4393 553 4448 ldid.
