3168 5150
844 707 886 776 ll.

346 919 381 970 lle
395 919 496 970 llorstio
509 921 599 974 Flacco
609 926 748 989 ceterisque
759 923 902 989 poetis’qui,
916 925 1069 990 temporibus
1082 923 1196 988 Augusti,
1204 925 1386 990 philosophiam

377 999 491 1051 versibus
501 1001 808 1066 attigerunt-Quaedam
818 1019 833 1052 e
843 1004 952 1064 Manilio,
965 1005 996 1055 Α.
1010 1003 1117 1061 Tibullo.
1133 1003 1230 1064 Ovidio,
1245 1019 1275 1053 ao
1284 1005 1387 1068 Virgilio

378 1090 502 1145 excerpta.

394 1253 504 1336 Quam
517 1273 658 1324 accensa
671 1264 796 1340 essent,
809 1254 954 1346 Augusti
967 1254 1187 1349 temporibus,
1204 1255 1318 1348 populi
1338 1277 1388 1326 ro

345 1368 438 1438 mani
462 1367 495 1436 in
517 1367 718 1461 sapientiam
744 1369 874 1456 studia,
903 1391 1005 1463 quarn
1032 1369 1212 1463 pulchrum
1236 1391 1276 1439 ao
1297 1369 1387 1440 hono

257 1579 262 1589 ἱ
344 1485 420 1555 viro
438 1484 580 1576 dignum
602 1507 701 1577 opuS,
724 1507 895 1580 quamque
918 1487 998 1556 utile
1022 1486 1207 1572 videretur,
1235 1485 1389 1578 philoso-

180 4288 245 4338 Culus
253 4287 316 4330 socio

174 4340 202 4389 sit
213 4338 321 4386 Horatius.

345 1600 456 1694 phari,
475 1601 637 1689 maxime,
655 1612 693 1672 ut
705 1600 864 1695 equidem
883 1603 1017 1696 opinor,
1040 1624 1084 1672 ex
1093 1600 1253 1695 Epistolis
1273 1623 1313 1671 ac
1327 1603 1387 1672 Sa-

344 1716 418 1786 tiris
436 1716 564 1787 Horatii
584 1718 801 1811 perspicuum
825 1727 889 1789 est.
908 1719 1072 1803 Quamvis
1086 1717 1176 1787 enim
1192 1738 1302 1810 neque
1317 1717 1388 1810 phi·

343 1815 533 1925 losophiam
547 1855 583 1904 se
596 1833 716 1904 docere
730 1835 940 1929 profiteatur,
959 1856 1069 1926 neque
1082 1833 1182 1904 ullius
1195 1833 1297 1902 nnius
1316 1831 1386 1903 dis·

343 1947 477 2040 ciplinae
505 1949 636 2040 legibus
669 1972 744 2022 sese
774 1949 979 2040 adstringat,
1013 1959 1126 2019 tamen
1152 1948 1225 2040 ipse
1252 1969 1387 2018 summo

342 2085 458 2134 amore
479 2066 642 2137 doctrinae
670 2075 814 2154 tenetur,
839 2066 1101 2158 cohortaturqne
1124 2075 1253 2135 ceteros
1272 2073 1310 2134 nt
1336 2065 1384 2133 illi

342 2201 459 2249 euram
472 2201 512 2250 ac
526 2180 678 2252 laborem
691 2182 902 2275 impendant.
914 2179 1014 2264 Quod
1024 2181 1052 2251 si
1065 2179 1119 2250 vir
1131 2179 1187 2250 ille
1202 2177 1387 2250 acutissimi

342 2296 480 2387 ingenii,
500 2306 534 2366 et
550 2297 630 2367 recti
647 2297 682 2365 in
696 2297 814 2390 primis
824 2296 954 2387 judieii,
970 2297 1029 2388 qui
1044 2296 1241 2366 semoribus
1260 2305 1388 2388 tempo·

342 2409 507 2503 rihusque
530 2414 716 2482 amicorum
735 2411 990 2481 accommodare
1008 2411 1157 2496 calleret,
1179 2409 1214 2478 in
1229 2409 1387 2502 Epistolis

341 2527 386 2597 ad
404 2549 463 2598 cos
481 2527 616 2620 scriptis
637 2526 816 2618 magnifice
836 2524 956 2596 laudat
982 2524 1248 2617 Philosophiam,
1272 2545 1386 2596 nonne

338 2643 417 2733 jure
431 2663 472 2712 ac
489 2643 610 2713 merito
628 2643 708 2712 hinc
722 2643 834 2734 colligi
856 2650 968 2735 potest
992 2662 1069 2710 eam
1091 2649 1171 2710 tnnc
1190 2661 1323 2710 summo
1351 2642 1386 2711 in

342 2758 471 2829 honore
489 2758 594 2829 fuisse
617 2760 708 2851 apud
732 2759 883 2850 aequales
903 2765 1024 2851 poetae,
1047 2756 1282 2850 principesque
1303 2756 1386 2828 civi-

344 2876 423 2944 tatis
447 2873 510 2943 sihi
528 2873 689 2944 hahuisse
707 2873 860 2944 deditos?
877 2872 999 2943 Omnia
1022 2881 1135 2943 autern
1155 2872 1264 2942 Flacci
1281 2894 1386 2966 opera

344 2989 518 3061 sententiis
537 2988 816 3083 philosophorum
838 2988 960 3060 referta
984 2997 1076 3075 sunt,
1098 3011 1176 3081 quae
1195 3010 1264 3059 non
1284 2988 1386 3059 modo

344 3106 379 3176 in
393 3107 611 3178 Sermonibus
630 3116 689 3178 aut
705 3106 877 3199 Epistolis,
898 3103 958 3175 sed
979 3104 1014 3174 in
1033 3105 1116 3198 ipsis
1137 3105 1265 3198 passim
1291 3102 1386 3173 Car-

343 3218 500 3292 minibus
511 3223 635 3314 legenti
649 3231 842 3293 occurrunt.
869 3221 913 3292 Ut
937 3221 985 3291 M.
1006 3221 1134 3291 Tullius
1157 3241 1292 3291 omnem
1315 3218 1385 3288 vim

344 3336 508 3408 dicendis
526 3337 739 3431 philosophia
758 3357 794 3406 se
812 3334 968 3406 hausisse
987 3334 1151 3421 declarat,
1177 3334 1226 3404 sic
1248 3333 1386 3404 Horatio

345 3453 697 3546 copiosissimarcrnm
704 3450 861 3522 materies
872 3467 906 3520 et
919 3449 1050 3544 poetica
1063 3448 1224 3542 quaedam
1234 3447 1386 3518 fertilitas

346 3567 467 3638 iisdem
486 3591 505 3639 e
523 3569 671 3639 fontibus
688 3566 853 3658 manavit,
870 3587 932 3638 neo
945 3566 1014 3637 scio
1032 3587 1076 3636 an
1094 3562 1304 3658 philosophis
1319 3584 1386 3656 po-

346 3682 412 3754 tius
427 3706 530 3776 quarn
550 3685 655 3778 poetis
674 3683 916 3755 adscribendus
934 3683 989 3752 sit.
1015 3680 1181 3772 Exemplo
1200 3690 1289 3750 certe
1308 3699 1383 3764 suo,

345 3800 410 3870 hoc
427 3801 520 3892 quod
542 3802 661 3872 ceteris
680 3800 800 3871 suadet
821 3809 860 3870 ut
884 3798 1021 3886 faciant,
1050 3817 1155 3890 quam
1179 3817 1299 3866 verum
1321 3794 1383 3881 sit,

346 3917 601 4011 comprobavit:

485 4092 548 4142 Rem
562 4089 609 4140 tihi
622 4090 747 4140 socratico
762 4091 881 4151 poterunt
891 4086 1133 4138 ostenderecharte.

396 4252 511 4338 Quaeri
532 4261 637 4347 potest
657 4252 712 4322 cui
730 4251 944 4345 potissimum
966 4260 1067 4320 sectae
1087 4246 1278 4320 indulserit.
1302 4241 1388 4336 Qni-

349 4370 426 4444 dam
440 4367 635 4441 existimant
656 4368 783 4442 nullam
805 4367 906 4440 aliam
928 4365 1045 4440 Flacco
1072 4363 1304 4462 suppeditasse
1330 4380 1384 4430 sa-
