<?xml version="1.0" encoding="UTF-8"?>
<!DOCTYPE html PUBLIC "-//W3C//DTD XHTML 1.0 Transitional//EN"
    "http://www.w3.org/TR/xhtml1/DTD/xhtml1-transitional.dtd">
<html xmlns="http://www.w3.org/1999/xhtml" xml:lang="en" lang="en">
 <head>
  <title>
</title>
<meta http-equiv="Content-Type" content="text/html;charset=utf-8" />
  <meta name='ocr-system' content='tesseract 3.04.00' />
  <meta name='ocr-capabilities' content='ocr_page ocr_carea ocr_par ocr_line ocrx_word'/>
</head>
<body>
  <div class='ocr_page' id='page_1' title='image "./desapientiaedoc00aubegoog_0037.png"; bbox 0 0 3168 5150; ppageno 0'>
   <div class='ocr_carea' id='block_1_1' title="bbox 862 773 921 846">
    <p class='ocr_par' dir='ltr' id='par_1_1' title="bbox 862 773 921 846">
     <span class='ocr_line' id='line_1_1' title="bbox 862 773 921 846; baseline 0 0"><span class='ocrx_word' id='word_1_1' title='bbox 862 773 921 846; x_wconf 90' lang='grc' dir='ltr'><strong>ΙΙΙ.</strong></span> 
     </span>
    </p>
   </div>
   <div class='ocr_carea' id='block_1_2' title="bbox 368 993 1461 1062">
    <p class='ocr_par' dir='ltr' id='par_1_2' title="bbox 368 993 1461 1062">
     <span class='ocr_line' id='line_1_2' title="bbox 368 993 1461 1062; baseline 0.003 -16"><span class='ocrx_word' id='word_1_2' title='bbox 368 995 403 1046; x_wconf 86' lang='lat' dir='ltr'><strong>De</strong></span> <span class='ocrx_word' id='word_1_3' title='bbox 417 993 567 1058; x_wconf 82' lang='lat' dir='ltr'><strong>quibusdam</strong></span> <span class='ocrx_word' id='word_1_4' title='bbox 588 994 718 1060; x_wconf 81' lang='lat' dir='ltr'><strong>sapientire</strong></span> <span class='ocrx_word' id='word_1_5' title='bbox 739 994 856 1046; x_wconf 78' lang='lat' dir='ltr'><strong>studiosis</strong></span> <span class='ocrx_word' id='word_1_6' title='bbox 879 996 958 1056; x_wconf 82' lang='lat' dir='ltr'><strong>viris,</strong></span> <span class='ocrx_word' id='word_1_7' title='bbox 978 995 1044 1046; x_wconf 85' lang='lat' dir='ltr'><strong>inter</strong></span> <span class='ocrx_word' id='word_1_8' title='bbox 1066 1009 1131 1060; x_wconf 84' lang='lat' dir='ltr'><strong>quos</strong></span> <span class='ocrx_word' id='word_1_9' title='bbox 1155 997 1264 1048; x_wconf 87' lang='lat' dir='ltr'><strong>eminent</strong></span> <span class='ocrx_word' id='word_1_10' title='bbox 1284 997 1413 1062; x_wconf 78' lang='lat' dir='ltr'><strong>Augustus</strong></span> <span class='ocrx_word' id='word_1_11' title='bbox 1457 1027 1461 1033; x_wconf 93' lang='lat'><em>-</em></span> 
     </span>
    </p>
   </div>
   <div class='ocr_carea' id='block_1_3' title="bbox 399 1069 1413 1222">
    <p class='ocr_par' dir='ltr' id='par_1_3' title="bbox 399 1069 1413 1222">
     <span class='ocr_line' id='line_1_3' title="bbox 399 1069 1413 1144; baseline 0.003 -18"><span class='ocrx_word' id='word_1_12' title='bbox 399 1073 494 1135; x_wconf 71' lang='lat' dir='ltr'><strong>Cesar,</strong></span> <span class='ocrx_word' id='word_1_13' title='bbox 514 1069 601 1137; x_wconf 85' lang='lat' dir='ltr'><strong>Pollio,</strong></span> <span class='ocrx_word' id='word_1_14' title='bbox 620 1075 691 1126; x_wconf 80' lang='lat' dir='ltr'>Titus</span> <span class='ocrx_word' id='word_1_15' title='bbox 708 1075 803 1127; x_wconf 87' lang='lat' dir='ltr'><strong>Livius.</strong></span> <span class='ocrx_word' id='word_1_16' title='bbox 816 1103 846 1112; x_wconf 92' lang='lat'><em>-</em></span> <span class='ocrx_word' id='word_1_17' title='bbox 863 1077 898 1126; x_wconf 85' lang='lat' dir='ltr'><strong>De</strong></span> <span class='ocrx_word' id='word_1_18' title='bbox 910 1077 1074 1142; x_wconf 78' lang='lat' dir='ltr'>scriptoribus</span> <span class='ocrx_word' id='word_1_19' title='bbox 1087 1091 1170 1127; x_wconf 90' lang='lat' dir='ltr'><strong>rerum</strong></span> <span class='ocrx_word' id='word_1_20' title='bbox 1186 1078 1413 1144; x_wconf 87' lang='lat' dir='ltr'><strong>philosophicarum</strong></span> 
     </span>
     <span class='ocr_line' id='line_1_4' title="bbox 399 1154 1138 1222; baseline 0 -16"><span class='ocrx_word' id='word_1_21' title='bbox 399 1163 453 1206; x_wconf 86' lang='lat' dir='ltr'><strong>tum</strong></span> <span class='ocrx_word' id='word_1_22' title='bbox 466 1154 557 1219; x_wconf 86' lang='lat' dir='ltr'><strong>latinis,</strong></span> <span class='ocrx_word' id='word_1_23' title='bbox 572 1163 626 1205; x_wconf 86' lang='lat' dir='ltr'><strong>tum</strong></span> <span class='ocrx_word' id='word_1_24' title='bbox 635 1155 735 1222; x_wconf 75' lang='lat' dir='ltr'><strong>graecis,</strong></span> <span class='ocrx_word' id='word_1_25' title='bbox 748 1168 856 1220; x_wconf 89' lang='lat' dir='ltr'><strong>quorum</strong></span> <span class='ocrx_word' id='word_1_26' title='bbox 869 1171 947 1222; x_wconf 88' lang='lat' dir='ltr'><strong>opera</strong></span> <span class='ocrx_word' id='word_1_27' title='bbox 957 1155 1138 1208; x_wconf 76' lang='lat' dir='ltr'>desiderantur.</span> 
     </span>
    </p>
   </div>
   <div class='ocr_carea' id='block_1_4' title="bbox 368 1340 1414 1669">
    <p class='ocr_par' dir='ltr' id='par_1_4' title="bbox 368 1340 1414 1669">
     <span class='ocr_line' id='line_1_5' title="bbox 417 1340 1414 1439; baseline 0.002 -23"><span class='ocrx_word' id='word_1_28' title='bbox 417 1344 541 1416; x_wconf 89' lang='lat' dir='ltr'><strong>Multos</strong></span> <span class='ocrx_word' id='word_1_29' title='bbox 562 1345 681 1416; x_wconf 88' lang='lat' dir='ltr'><strong>Romae</strong></span> <span class='ocrx_word' id='word_1_30' title='bbox 709 1367 755 1416; x_wconf 89' lang='lat' dir='ltr'><strong>ex</strong></span> <span class='ocrx_word' id='word_1_31' title='bbox 780 1345 988 1439; x_wconf 85' lang='lat' dir='ltr'><strong>principibus</strong></span> <span class='ocrx_word' id='word_1_32' title='bbox 1017 1344 1114 1434; x_wconf 83' lang='lat' dir='ltr'><strong>viris,</strong></span> <span class='ocrx_word' id='word_1_33' title='bbox 1150 1340 1214 1416; x_wconf 90' lang='lat' dir='ltr'><strong>sub</strong></span> <span class='ocrx_word' id='word_1_34' title='bbox 1245 1344 1414 1430; x_wconf 84' lang='lat' dir='ltr'>Ciceronis</span> 
     </span>
     <span class='ocr_line' id='line_1_6' title="bbox 369 1457 1414 1554; baseline 0.004 -26"><span class='ocrx_word' id='word_1_35' title='bbox 369 1467 535 1552; x_wconf 88' lang='lat' dir='ltr'><strong>tempora,</strong></span> <span class='ocrx_word' id='word_1_36' title='bbox 553 1457 729 1554; x_wconf 73' lang='lat' dir='ltr'><strong>sapientiae</strong></span> <span class='ocrx_word' id='word_1_37' title='bbox 742 1460 912 1530; x_wconf 88' lang='lat' dir='ltr'><strong>studiosos</strong></span> <span class='ocrx_word' id='word_1_38' title='bbox 926 1459 1029 1529; x_wconf 87' lang='lat' dir='ltr'><strong>fuisse</strong></span> <span class='ocrx_word' id='word_1_39' title='bbox 1049 1460 1122 1550; x_wconf 88' lang='lat' dir='ltr'><strong>jam</strong></span> <span class='ocrx_word' id='word_1_40' title='bbox 1138 1459 1306 1550; x_wconf 74' lang='lat' dir='ltr'><strong>diximus,</strong></span> <span class='ocrx_word' id='word_1_41' title='bbox 1324 1484 1414 1532; x_wconf 91' lang='lat' dir='ltr'><strong>nunc</strong></span> 
     </span>
     <span class='ocr_line' id='line_1_7' title="bbox 368 1575 1361 1669; baseline 0.003 -24"><span class='ocrx_word' id='word_1_42' title='bbox 368 1575 452 1666; x_wconf 93' lang='lat' dir='ltr'><strong>quid</strong></span> <span class='ocrx_word' id='word_1_43' title='bbox 465 1576 500 1645; x_wconf 91' lang='lat' dir='ltr'><strong>in</strong></span> <span class='ocrx_word' id='word_1_44' title='bbox 514 1584 631 1663; x_wconf 87' lang='lat' dir='ltr'><strong>aetate,</strong></span> <span class='ocrx_word' id='word_1_45' title='bbox 647 1597 726 1669; x_wconf 81' lang='lat' dir='ltr'><strong>quae</strong></span> <span class='ocrx_word' id='word_1_46' title='bbox 746 1584 861 1646; x_wconf 89' lang='lat' dir='ltr'><strong>secuta</strong></span> <span class='ocrx_word' id='word_1_47' title='bbox 880 1583 943 1663; x_wconf 89' lang='lat' dir='ltr'><strong>est,</strong></span> <span class='ocrx_word' id='word_1_48' title='bbox 965 1575 1091 1646; x_wconf 86' lang='lat' dir='ltr'><strong>lactum</strong></span> <span class='ocrx_word' id='word_1_49' title='bbox 1107 1576 1150 1646; x_wconf 90' lang='lat' dir='ltr'><strong>sit</strong></span> <span class='ocrx_word' id='word_1_50' title='bbox 1168 1575 1361 1648; x_wconf 83' lang='lat' dir='ltr'><strong>videamus</strong></span> 
     </span>
    </p>
   </div>
   <div class='ocr_carea' id='block_1_5' title="bbox 416 1689 1443 1787">
    <p class='ocr_par' dir='ltr' id='par_1_5' title="bbox 416 1689 1443 1787">
     <span class='ocr_line' id='line_1_8' title="bbox 416 1689 1443 1787; baseline 0.004 -27"><span class='ocrx_word' id='word_1_51' title='bbox 416 1691 605 1763; x_wconf 87' lang='lat' dir='ltr'><strong>Exordium</strong></span> <span class='ocrx_word' id='word_1_52' title='bbox 628 1689 728 1763; x_wconf 86' lang='lat' dir='ltr'><strong>nohis</strong></span> <span class='ocrx_word' id='word_1_53' title='bbox 750 1691 851 1762; x_wconf 82' lang='lat' dir='ltr'><strong>iaciat</strong></span> <span class='ocrx_word' id='word_1_54' title='bbox 872 1689 1073 1787; x_wconf 81' lang='lat' dir='ltr'><strong>Augustus</strong></span> <span class='ocrx_word' id='word_1_55' title='bbox 1100 1689 1237 1779; x_wconf 69' lang='lat' dir='ltr'><strong>Cesar,</strong></span> <span class='ocrx_word' id='word_1_56' title='bbox 1260 1693 1320 1785; x_wconf 89' lang='lat' dir='ltr'><strong>qui</strong></span> <span class='ocrx_word' id='word_1_57' title='bbox 1345 1715 1415 1764; x_wconf 90' lang='lat' dir='ltr'><strong>non</strong></span> <span class='ocrx_word' id='word_1_58' title='bbox 1440 1713 1443 1717; x_wconf 75' lang='grc'><em>’</em></span> 
     </span>
    </p>
   </div>
   <div class='ocr_carea' id='block_1_6' title="bbox 366 1804 1415 3870">
    <p class='ocr_par' dir='ltr' id='par_1_6' title="bbox 366 1804 1415 3870">
     <span class='ocr_line' id='line_1_9' title="bbox 367 1804 1415 1900; baseline 0.002 -22"><span class='ocrx_word' id='word_1_59' title='bbox 367 1807 469 1878; x_wconf 91' lang='lat' dir='ltr'><strong>modo</strong></span> <span class='ocrx_word' id='word_1_60' title='bbox 482 1826 660 1877; x_wconf 82' lang='lat' dir='ltr'><strong>romanam</strong></span> <span class='ocrx_word' id='word_1_61' title='bbox 671 1804 857 1894; x_wconf 88' lang='lat' dir='ltr'><strong>civitatem,</strong></span> <span class='ocrx_word' id='word_1_62' title='bbox 877 1807 948 1877; x_wconf 91' lang='lat' dir='ltr'><strong>divi</strong></span> <span class='ocrx_word' id='word_1_63' title='bbox 963 1807 1041 1876; x_wconf 91' lang='lat' dir='ltr'><strong>Julii</strong></span> <span class='ocrx_word' id='word_1_64' title='bbox 1057 1808 1229 1898; x_wconf 86' lang='lat' dir='ltr'><strong>exemplo,</strong></span> <span class='ocrx_word' id='word_1_65' title='bbox 1245 1809 1415 1900; x_wconf 84' lang='lat' dir='ltr'><strong>professo-</strong></span> 
     </span>
     <span class='ocr_line' id='line_1_10' title="bbox 367 1922 1414 2015; baseline 0.004 -24"><span class='ocrx_word' id='word_1_66' title='bbox 367 1923 462 1992; x_wconf 84' lang='lat' dir='ltr'><strong>ribus</strong></span> <span class='ocrx_word' id='word_1_67' title='bbox 482 1922 675 1994; x_wconf 90' lang='lat' dir='ltr'><strong>liberalium</strong></span> <span class='ocrx_word' id='word_1_68' title='bbox 695 1923 834 2009; x_wconf 88' lang='lat' dir='ltr'><strong>artium,</strong></span> <span class='ocrx_word' id='word_1_69' title='bbox 849 1931 888 1992; x_wconf 93' lang='lat' dir='ltr'><strong>ut</strong></span> <span class='ocrx_word' id='word_1_70' title='bbox 907 1923 1040 2015; x_wconf 85' lang='lat' dir='ltr'><strong>opinor,</strong></span> <span class='ocrx_word' id='word_1_71' title='bbox 1065 1922 1156 1992; x_wconf 80' lang='lat' dir='ltr'><strong>dedit</strong></span> <span class='ocrx_word' id='word_1_72' title='bbox 1176 1922 1202 2010; x_wconf 88' lang='lat'><strong>¹,</strong></span> <span class='ocrx_word' id='word_1_73' title='bbox 1222 1925 1283 1995; x_wconf 86' lang='lat' dir='ltr'><strong>sed</strong></span> <span class='ocrx_word' id='word_1_74' title='bbox 1301 1925 1414 1995; x_wconf 89' lang='lat' dir='ltr'><strong>Hora-</strong></span> 
     </span>
     <span class='ocr_line' id='line_1_11' title="bbox 369 2035 1415 2134; baseline 0.004 -26"><span class='ocrx_word' id='word_1_75' title='bbox 369 2039 472 2126; x_wconf 89' lang='lat' dir='ltr'><strong>tium,</strong></span> <span class='ocrx_word' id='word_1_76' title='bbox 508 2038 664 2126; x_wconf 82' lang='lat' dir='ltr'><strong>Livium,</strong></span> <span class='ocrx_word' id='word_1_77' title='bbox 696 2037 844 2126; x_wconf 84' lang='lat' dir='ltr'><strong>Areum,</strong></span> <span class='ocrx_word' id='word_1_78' title='bbox 881 2035 1151 2128; x_wconf 78' lang='lat' dir='ltr'><strong>Athenodorum,</strong></span> <span class='ocrx_word' id='word_1_79' title='bbox 1191 2039 1415 2134; x_wconf 89' lang='lat' dir='ltr'><strong>philosophos</strong></span> 
     </span>
     <span class='ocr_line' id='line_1_12' title="bbox 370 2154 1415 2248; baseline 0.002 -22"><span class='ocrx_word' id='word_1_80' title='bbox 370 2154 476 2245; x_wconf 89' lang='lat' dir='ltr'><strong>viros,</strong></span> <span class='ocrx_word' id='word_1_81' title='bbox 498 2155 532 2225; x_wconf 90' lang='lat' dir='ltr'><strong>in</strong></span> <span class='ocrx_word' id='word_1_82' title='bbox 545 2177 688 2226; x_wconf 91' lang='lat' dir='ltr'><strong>numero</strong></span> <span class='ocrx_word' id='word_1_83' title='bbox 708 2155 895 2226; x_wconf 88' lang='lat' dir='ltr'><strong>amicorum</strong></span> <span class='ocrx_word' id='word_1_84' title='bbox 907 2154 1038 2242; x_wconf 89' lang='lat' dir='ltr'><strong>habuit,</strong></span> <span class='ocrx_word' id='word_1_85' title='bbox 1054 2154 1123 2225; x_wconf 89' lang='lat' dir='ltr'><strong>imo</strong></span> <span class='ocrx_word' id='word_1_86' title='bbox 1140 2155 1214 2248; x_wconf 88' lang='lat' dir='ltr'><strong>ipse</strong></span> <span class='ocrx_word' id='word_1_87' title='bbox 1227 2155 1356 2248; x_wconf 89' lang='lat' dir='ltr'><strong>aliquid</strong></span> <span class='ocrx_word' id='word_1_88' title='bbox 1370 2156 1415 2228; x_wconf 91' lang='lat' dir='ltr'><strong>de</strong></span> 
     </span>
     <span class='ocr_line' id='line_1_13' title="bbox 367 2270 1414 2363; baseline 0.001 -23"><span class='ocrx_word' id='word_1_89' title='bbox 367 2270 580 2363; x_wconf 86' lang='lat' dir='ltr'><strong>philosophia</strong></span> <span class='ocrx_word' id='word_1_90' title='bbox 605 2279 852 2342; x_wconf 85' lang='lat' dir='ltr'><strong>commentatus</strong></span> <span class='ocrx_word' id='word_1_91' title='bbox 885 2281 948 2342; x_wconf 90' lang='lat' dir='ltr'><strong>est.</strong></span> <span class='ocrx_word' id='word_1_92' title='bbox 975 2270 1065 2340; x_wconf 91' lang='lat' dir='ltr'><strong>Nam</strong></span> <span class='ocrx_word' id='word_1_93' title='bbox 1093 2271 1186 2361; x_wconf 92' lang='lat' dir='ltr'><strong>apud</strong></span> <span class='ocrx_word' id='word_1_94' title='bbox 1214 2271 1414 2342; x_wconf 84' lang='lat' dir='ltr'><strong>Suetonium</strong></span> 
     </span>
     <span class='ocr_line' id='line_1_14' title="bbox 367 2382 1415 2479; baseline 0.002 -24"><span class='ocrx_word' id='word_1_95' title='bbox 367 2387 489 2476; x_wconf 78' lang='lat' dir='ltr'><strong>legitor</strong></span> <span class='ocrx_word' id='word_1_96' title='bbox 506 2382 658 2456; x_wconf 84' lang='lat' dir='ltr'><strong>Librum</strong></span> <span class='ocrx_word' id='word_1_97' title='bbox 675 2383 993 2456; x_wconf 81' lang='lat' dir='ltr'><strong>Exhortationum</strong></span> <span class='ocrx_word' id='word_1_98' title='bbox 1012 2385 1057 2456; x_wconf 90' lang='lat' dir='ltr'><strong>ad</strong></span> <span class='ocrx_word' id='word_1_99' title='bbox 1072 2385 1322 2479; x_wconf 85' lang='lat' dir='ltr'><strong>philosophiam</strong></span> <span class='ocrx_word' id='word_1_100' title='bbox 1341 2409 1415 2457; x_wconf 91' lang='lat' dir='ltr'><strong>am·</strong></span> 
     </span>
     <span class='ocr_line' id='line_1_15' title="bbox 367 2499 1415 2595; baseline 0.004 -26"><span class='ocrx_word' id='word_1_101' title='bbox 367 2500 578 2595; x_wconf 87' lang='lat' dir='ltr'><strong>plectendam</strong></span> <span class='ocrx_word' id='word_1_102' title='bbox 596 2501 640 2570; x_wconf 92' lang='lat' dir='ltr'><strong>ab</strong></span> <span class='ocrx_word' id='word_1_103' title='bbox 658 2499 814 2592; x_wconf 77' lang='lat' dir='ltr'><strong>Augusto</strong></span> <span class='ocrx_word' id='word_1_104' title='bbox 833 2500 996 2593; x_wconf 86' lang='lat' dir='ltr'><strong>scriptum</strong></span> <span class='ocrx_word' id='word_1_105' title='bbox 1017 2499 1135 2589; x_wconf 86' lang='lat' dir='ltr'><strong>fuisse,</strong></span> <span class='ocrx_word' id='word_1_106' title='bbox 1162 2501 1256 2592; x_wconf 88' lang='lat' dir='ltr'><strong>quod</strong></span> <span class='ocrx_word' id='word_1_107' title='bbox 1273 2511 1308 2572; x_wconf 92' lang='lat' dir='ltr'><strong>et</strong></span> <span class='ocrx_word' id='word_1_108' title='bbox 1325 2499 1415 2573; x_wconf 88' lang='lat' dir='ltr'><strong>Cice-</strong></span> 
     </span>
     <span class='ocr_line' id='line_1_16' title="bbox 368 2615 1415 2711; baseline 0.002 -25"><span class='ocrx_word' id='word_1_109' title='bbox 368 2616 444 2686; x_wconf 92' lang='lat' dir='ltr'><strong>roni</strong></span> <span class='ocrx_word' id='word_1_110' title='bbox 466 2615 599 2685; x_wconf 91' lang='lat' dir='ltr'><strong>initium</strong></span> <span class='ocrx_word' id='word_1_111' title='bbox 619 2615 661 2686; x_wconf 91' lang='lat' dir='ltr'><strong>de</strong></span> <span class='ocrx_word' id='word_1_112' title='bbox 680 2616 896 2711; x_wconf 90' lang='lat' dir='ltr'><strong>philosophia</strong></span> <span class='ocrx_word' id='word_1_113' title='bbox 922 2617 1091 2687; x_wconf 90' lang='lat' dir='ltr'><strong>scribendi</strong></span> <span class='ocrx_word' id='word_1_114' title='bbox 1114 2617 1224 2687; x_wconf 86' lang='lat' dir='ltr'><strong>iuerat</strong></span> <span class='ocrx_word' id='word_1_115' title='bbox 1242 2619 1269 2686; x_wconf 80' lang='lat'><strong>².</strong></span> <span class='ocrx_word' id='word_1_116' title='bbox 1291 2618 1415 2688; x_wconf 81' lang='lat' dir='ltr'><strong>Narrat</strong></span> 
     </span>
     <span class='ocr_line' id='line_1_17' title="bbox 367 2727 1414 2822; baseline 0.004 -22"><span class='ocrx_word' id='word_1_117' title='bbox 367 2731 458 2802; x_wconf 89' lang='lat' dir='ltr'><strong>idem</strong></span> <span class='ocrx_word' id='word_1_118' title='bbox 479 2729 570 2801; x_wconf 88' lang='lat' dir='ltr'><strong>hunc</strong></span> <span class='ocrx_word' id='word_1_119' title='bbox 583 2727 739 2822; x_wconf 81' lang='lat' dir='ltr'><strong>Augusto</strong></span> <span class='ocrx_word' id='word_1_120' title='bbox 750 2752 880 2802; x_wconf 89' lang='lat' dir='ltr'><strong>morem</strong></span> <span class='ocrx_word' id='word_1_121' title='bbox 894 2731 997 2801; x_wconf 84' lang='lat' dir='ltr'><strong>luisse</strong></span> <span class='ocrx_word' id='word_1_122' title='bbox 1015 2739 1054 2800; x_wconf 92' lang='lat' dir='ltr'><strong>ut</strong></span> <span class='ocrx_word' id='word_1_123' title='bbox 1067 2731 1250 2802; x_wconf 90' lang='lat' dir='ltr'><strong>sententias</strong></span> <span class='ocrx_word' id='word_1_124' title='bbox 1267 2733 1414 2804; x_wconf 87' lang='lat' dir='ltr'><strong>clarissi-</strong></span> 
     </span>
     <span class='ocr_line' id='line_1_18' title="bbox 367 2847 1414 2940; baseline 0.003 -23"><span class='ocrx_word' id='word_1_125' title='bbox 367 2869 442 2918; x_wconf 89' lang='lat' dir='ltr'><strong>mas</strong></span> <span class='ocrx_word' id='word_1_126' title='bbox 474 2854 508 2916; x_wconf 90' lang='lat' dir='ltr'><strong>et</strong></span> <span class='ocrx_word' id='word_1_127' title='bbox 543 2847 587 2918; x_wconf 91' lang='lat' dir='ltr'><strong>ad</strong></span> <span class='ocrx_word' id='word_1_128' title='bbox 624 2847 730 2917; x_wconf 90' lang='lat' dir='ltr'><strong>vitam</strong></span> <span class='ocrx_word' id='word_1_129' title='bbox 763 2847 1076 2940; x_wconf 86' lang='lat' dir='ltr'><strong>rempublicamque</strong></span> <span class='ocrx_word' id='word_1_130' title='bbox 1110 2847 1414 2920; x_wconf 72' lang='lat' dir='ltr'><strong>administrandam</strong></span> 
     </span>
     <span class='ocr_line' id='line_1_19' title="bbox 367 2963 1415 3057; baseline 0.003 -24"><span class='ocrx_word' id='word_1_131' title='bbox 367 2963 518 3034; x_wconf 85' lang='lat' dir='ltr'><strong>maxime</strong></span> <span class='ocrx_word' id='word_1_132' title='bbox 538 2963 649 3052; x_wconf 89' lang='lat' dir='ltr'><strong>utiles,</strong></span> <span class='ocrx_word' id='word_1_133' title='bbox 668 2985 748 3056; x_wconf 88' lang='lat' dir='ltr'><strong>quae</strong></span> <span class='ocrx_word' id='word_1_134' title='bbox 770 2963 804 3032; x_wconf 92' lang='lat' dir='ltr'><strong>in</strong></span> <span class='ocrx_word' id='word_1_135' title='bbox 824 2963 933 3057; x_wconf 89' lang='lat' dir='ltr'><strong>poetis</strong></span> <span class='ocrx_word' id='word_1_136' title='bbox 955 2974 988 3034; x_wconf 90' lang='lat' dir='ltr'><strong>et</strong></span> <span class='ocrx_word' id='word_1_137' title='bbox 1009 2963 1044 3032; x_wconf 94' lang='lat' dir='ltr'><strong>in</strong></span> <span class='ocrx_word' id='word_1_138' title='bbox 1056 2963 1247 3036; x_wconf 87' lang='lat' dir='ltr'><strong>oratoribus</strong></span> <span class='ocrx_word' id='word_1_139' title='bbox 1262 2987 1415 3036; x_wconf 87' lang='lat' dir='ltr'><strong>occurre-</strong></span> 
     </span>
     <span class='ocr_line' id='line_1_20' title="bbox 367 3077 1413 3174; baseline 0.004 -24"><span class='ocrx_word' id='word_1_140' title='bbox 367 3088 455 3168; x_wconf 91' lang='lat' dir='ltr'><strong>rent,</strong></span> <span class='ocrx_word' id='word_1_141' title='bbox 473 3099 534 3152; x_wconf 91' lang='lat' dir='ltr'><strong>sua</strong></span> <span class='ocrx_word' id='word_1_142' title='bbox 546 3101 650 3150; x_wconf 91' lang='lat' dir='ltr'><strong>manu</strong></span> <span class='ocrx_word' id='word_1_143' title='bbox 663 3080 888 3174; x_wconf 84' lang='lat' dir='ltr'><strong>perscriberet</strong></span> <span class='ocrx_word' id='word_1_144' title='bbox 907 3079 932 3148; x_wconf 78' lang='lat'><strong>³.</strong></span> <span class='ocrx_word' id='word_1_145' title='bbox 948 3077 1102 3150; x_wconf 86' lang='lat' dir='ltr'><strong>Julianus</strong></span> <span class='ocrx_word' id='word_1_146' title='bbox 1114 3079 1239 3172; x_wconf 76' lang='lat' dir='ltr'><strong>Ceasar,</strong></span> <span class='ocrx_word' id='word_1_147' title='bbox 1260 3081 1295 3150; x_wconf 93' lang='lat' dir='ltr'><strong>in</strong></span> <span class='ocrx_word' id='word_1_148' title='bbox 1309 3081 1413 3154; x_wconf 90' lang='lat' dir='ltr'><strong>satira</strong></span> 
     </span>
     <span class='ocr_line' id='line_1_21' title="bbox 368 3191 1414 3290; baseline 0.002 -23"><span class='ocrx_word' id='word_1_149' title='bbox 368 3218 472 3290; x_wconf 91' lang='lat' dir='ltr'><strong>quam</strong></span> <span class='ocrx_word' id='word_1_150' title='bbox 494 3196 536 3267; x_wconf 92' lang='lat' dir='ltr'><strong>de</strong></span> <span class='ocrx_word' id='word_1_151' title='bbox 559 3191 767 3266; x_wconf 71' lang='lat' dir='ltr'><strong>Caesaribus</strong></span> <span class='ocrx_word' id='word_1_152' title='bbox 782 3195 983 3289; x_wconf 83' lang='lat' dir='ltr'><strong>composuit,</strong></span> <span class='ocrx_word' id='word_1_153' title='bbox 1004 3195 1197 3287; x_wconf 78' lang='lat' dir='ltr'><strong>Augustum</strong></span> <span class='ocrx_word' id='word_1_154' title='bbox 1217 3195 1347 3266; x_wconf 86' lang='lat' dir='ltr'><strong>inducit</strong></span> <span class='ocrx_word' id='word_1_155' title='bbox 1366 3197 1414 3269; x_wconf 90' lang='lat' dir='ltr'><strong>ita</strong></span> 
     </span>
     <span class='ocr_line' id='line_1_22' title="bbox 366 3312 1413 3408; baseline 0.004 -27"><span class='ocrx_word' id='word_1_156' title='bbox 366 3314 557 3405; x_wconf 90' lang='lat' dir='ltr'><strong>loquentem</strong></span> <span class='ocrx_word' id='word_1_157' title='bbox 580 3338 588 3381; x_wconf 78' lang='lat' dir='ltr'><strong>r</strong></span> <span class='ocrx_word' id='word_1_158' title='bbox 607 3312 808 3403; x_wconf 76' lang='lat' dir='ltr'><strong>«Equidem</strong></span> <span class='ocrx_word' id='word_1_159' title='bbox 826 3312 1050 3404; x_wconf 87' lang='lat' dir='ltr'><strong>philosophiae</strong></span> <span class='ocrx_word' id='word_1_160' title='bbox 1071 3313 1214 3382; x_wconf 90' lang='lat' dir='ltr'><strong>libenter</strong></span> <span class='ocrx_word' id='word_1_161' title='bbox 1240 3312 1413 3408; x_wconf 81' lang='lat' dir='ltr'><strong>obtempe-</strong></span> 
     </span>
     <span class='ocr_line' id='line_1_23' title="bbox 368 3426 1408 3521; baseline -0.001 -24"><span class='ocrx_word' id='word_1_162' title='bbox 368 3428 455 3517; x_wconf 86' lang='lat' dir='ltr'><strong>ravi,</strong></span> <span class='ocrx_word' id='word_1_163' title='bbox 476 3448 584 3517; x_wconf 89' lang='lat' dir='ltr'><strong>eaque</strong></span> <span class='ocrx_word' id='word_1_164' title='bbox 602 3426 695 3521; x_wconf 92' lang='lat' dir='ltr'><strong>apud</strong></span> <span class='ocrx_word' id='word_1_165' title='bbox 715 3443 771 3496; x_wconf 90' lang='lat' dir='ltr'><strong>me</strong></span> <span class='ocrx_word' id='word_1_166' title='bbox 787 3447 955 3498; x_wconf 87' lang='lat' dir='ltr'><strong>summam</strong></span> <span class='ocrx_word' id='word_1_167' title='bbox 980 3427 1099 3500; x_wconf 90' lang='lat' dir='ltr'><strong>hahuit</strong></span> <span class='ocrx_word' id='word_1_168' title='bbox 1120 3427 1367 3500; x_wconf 88' lang='lat' dir='ltr'><strong>auctoritatem.</strong></span> <span class='ocrx_word' id='word_1_169' title='bbox 1390 3455 1408 3497; x_wconf 84' lang='lat' dir='ltr'><strong>o</strong></span> 
     </span>
     <span class='ocr_line' id='line_1_24' title="bbox 367 3535 1412 3636; baseline 0.003 -24"><span class='ocrx_word' id='word_1_170' title='bbox 367 3541 456 3612; x_wconf 89' lang='lat' dir='ltr'><strong>Satis</strong></span> <span class='ocrx_word' id='word_1_171' title='bbox 474 3544 605 3612; x_wconf 89' lang='lat' dir='ltr'><strong>constat</strong></span> <span class='ocrx_word' id='word_1_172' title='bbox 628 3535 885 3612; x_wconf 81' lang='lat' dir='ltr'><strong>Athenodorum</strong></span> <span class='ocrx_word' id='word_1_173' title='bbox 902 3543 1056 3632; x_wconf 88' lang='lat' dir='ltr'><strong>stoicum,</strong></span> <span class='ocrx_word' id='word_1_174' title='bbox 1083 3543 1240 3636; x_wconf 88' lang='lat' dir='ltr'><strong>quicum</strong></span> <span class='ocrx_word' id='word_1_175' title='bbox 1263 3543 1354 3616; x_wconf 86' lang='lat' dir='ltr'><strong>Areo</strong></span> <span class='ocrx_word' id='word_1_176' title='bbox 1377 3553 1412 3617; x_wconf 91' lang='lat' dir='ltr'><strong>et</strong></span> 
     </span>
     <span class='ocr_line' id='line_1_25' title="bbox 367 3651 1412 3755; baseline 0.006 -28"><span class='ocrx_word' id='word_1_177' title='bbox 367 3657 470 3748; x_wconf 90' lang='lat' dir='ltr'><strong>hujus</strong></span> <span class='ocrx_word' id='word_1_178' title='bbox 488 3655 594 3727; x_wconf 89' lang='lat' dir='ltr'><strong>filiis</strong></span> <span class='ocrx_word' id='word_1_179' title='bbox 585 3679 620 3726; x_wconf 87' lang='lat' dir='ltr'><strong>rn</strong></span> <span class='ocrx_word' id='word_1_180' title='bbox 640 3655 740 3728; x_wconf 91' lang='lat' dir='ltr'><strong>domo</strong></span> <span class='ocrx_word' id='word_1_181' title='bbox 761 3657 905 3730; x_wconf 72' lang='lat' dir='ltr'><strong>Caesaris</strong></span> <span class='ocrx_word' id='word_1_182' title='bbox 923 3657 1112 3744; x_wconf 89' lang='lat' dir='ltr'><strong>habitabat</strong></span> <span class='ocrx_word' id='word_1_183' title='bbox 1086 3651 1302 3730; x_wconf 92' lang='lat' dir='ltr'><strong>tmultum</strong></span> <span class='ocrx_word' id='word_1_184' title='bbox 1298 3681 1412 3755; x_wconf 80' lang='lat' dir='ltr'><strong>operae</strong></span> 
     </span>
     <span class='ocr_line' id='line_1_26' title="bbox 367 3772 1408 3870; baseline 0.004 -26"><span class='ocrx_word' id='word_1_185' title='bbox 367 3795 431 3846; x_wconf 86' lang='lat' dir='ltr'><strong>uec</strong></span> <span class='ocrx_word' id='word_1_186' title='bbox 450 3775 538 3845; x_wconf 84' lang='lat' dir='ltr'><strong>frust</strong></span> <span class='ocrx_word' id='word_1_187' title='bbox 524 3783 577 3845; x_wconf 91' lang='lat' dir='ltr'><strong>tra</strong></span> <span class='ocrx_word' id='word_1_188' title='bbox 596 3773 813 3869; x_wconf 86' lang='lat' dir='ltr'><strong>impendisse,</strong></span> <span class='ocrx_word' id='word_1_189' title='bbox 828 3783 890 3846; x_wconf 86' lang='lat' dir='ltr'><strong>utt</strong></span> <span class='ocrx_word' id='word_1_190' title='bbox 892 3772 1046 3843; x_wconf 91' lang='lat' dir='ltr'><strong>riumviri</strong></span> <span class='ocrx_word' id='word_1_191' title='bbox 1065 3795 1177 3848; x_wconf 88' lang='lat' dir='ltr'><strong>mores</strong></span> <span class='ocrx_word' id='word_1_192' title='bbox 1195 3777 1408 3870; x_wconf 46' lang='lat' dir='ltr'><strong>mitigaret&amp;</strong></span> 
     </span>
    </p>
   </div>
   <div class='ocr_carea' id='block_1_7' title="bbox 367 3987 1408 4502">
    <p class='ocr_par' dir='ltr' id='par_1_7' title="bbox 404 3987 716 4046">
     <span class='ocr_line' id='line_1_27' title="bbox 404 3987 716 4046; baseline 0.019 -6"><span class='ocrx_word' id='word_1_193' title='bbox 404 3987 411 4016; x_wconf 87' lang='lat'>¹</span> <span class='ocrx_word' id='word_1_194' title='bbox 430 3991 501 4041; x_wconf 87' lang='lat' dir='ltr'><strong>Suet.</strong></span> <span class='ocrx_word' id='word_1_195' title='bbox 518 3990 549 4043; x_wconf 89' lang='lat' dir='ltr'><strong>de</strong></span> <span class='ocrx_word' id='word_1_196' title='bbox 564 3992 655 4045; x_wconf 78' lang='lat' dir='ltr'><strong>Cesar.</strong></span> <span class='ocrx_word' id='word_1_197' title='bbox 671 3993 716 4046; x_wconf 69' lang='lat'><strong>52.</strong></span> 
     </span>
    </p>

    <p class='ocr_par' dir='ltr' id='par_1_8' title="bbox 403 4077 605 4144">
     <span class='ocr_line' id='line_1_28' title="bbox 403 4077 605 4144; baseline 0.005 -14"><span class='ocrx_word' id='word_1_198' title='bbox 403 4077 469 4130; x_wconf 87' lang='lat' dir='ltr'><strong>²De</strong></span> <span class='ocrx_word' id='word_1_199' title='bbox 482 4081 548 4144; x_wconf 78' lang='lat' dir='ltr'><strong>Aug.</strong></span> <span class='ocrx_word' id='word_1_200' title='bbox 561 4081 605 4132; x_wconf 81' lang='lat'><strong>85.</strong></span> 
     </span>
    </p>

    <p class='ocr_par' dir='ltr' id='par_1_9' title="bbox 403 4163 573 4232">
     <span class='ocr_line' id='line_1_29' title="bbox 403 4163 573 4232; baseline -0.013 -12"><span class='ocrx_word' id='word_1_201' title='bbox 403 4163 515 4232; x_wconf 72' lang='lat' dir='ltr'><strong>³1utd„</strong></span> <span class='ocrx_word' id='word_1_202' title='bbox 528 4167 573 4221; x_wconf 87' lang='lat'><strong>89.</strong></span> 
     </span>
    </p>

    <p class='ocr_par' dir='ltr' id='par_1_10' title="bbox 367 4254 1408 4502">
     <span class='ocr_line' id='line_1_30' title="bbox 404 4254 1408 4320; baseline 0.003 -13"><span class='ocrx_word' id='word_1_203' title='bbox 404 4254 599 4320; x_wconf 78' lang='lat' dir='ltr'><strong>‘Strabo,xrv,</strong></span> <span class='ocrx_word' id='word_1_204' title='bbox 615 4255 842 4317; x_wconf 47' lang='lat' dir='ltr'><strong>rin-Fabricius,</strong></span> <span class='ocrx_word' id='word_1_205' title='bbox 857 4259 876 4307; x_wconf 83' lang='lat' dir='ltr'><strong>t.</strong></span> <span class='ocrx_word' id='word_1_206' title='bbox 894 4257 933 4320; x_wconf 85' lang='grc' dir='ltr'><strong>ΙΙ,</strong></span> <span class='ocrx_word' id='word_1_207' title='bbox 948 4254 1111 4308; x_wconf 79' lang='lat' dir='ltr'><strong>lIL-Dlo.</strong></span> <span class='ocrx_word' id='word_1_208' title='bbox 1126 4256 1143 4307; x_wconf 91' lang='grc' dir='ltr'><strong>Ι.</strong></span> <span class='ocrx_word' id='word_1_209' title='bbox 1161 4258 1225 4308; x_wconf 84' lang='lat' dir='ltr'><strong>LVI.</strong></span> <span class='ocrx_word' id='word_1_210' title='bbox 1241 4260 1313 4310; x_wconf 91' lang='lat' dir='ltr'><strong>Idem</strong></span> <span class='ocrx_word' id='word_1_211' title='bbox 1327 4258 1408 4310; x_wconf 82' lang='lat' dir='ltr'><strong>eilde</strong></span> 
     </span>
     <span class='ocr_line' id='line_1_31' title="bbox 367 4339 1405 4410; baseline -0.002 -12"><span class='ocrx_word' id='word_1_212' title='bbox 367 4341 454 4398; x_wconf 73' lang='lat' dir='ltr'><strong>Musis</strong></span> <span class='ocrx_word' id='word_1_213' title='bbox 464 4346 602 4396; x_wconf 84' lang='lat' dir='ltr'><strong>Horatius.</strong></span> <span class='ocrx_word' id='word_1_214' title='bbox 614 4349 692 4398; x_wconf 80' lang='lat' dir='ltr'><strong>avos</strong></span> <span class='ocrx_word' id='word_1_215' title='bbox 705 4341 765 4399; x_wconf 82' lang='lat' dir='ltr'><strong>lene</strong></span> <span class='ocrx_word' id='word_1_216' title='bbox 779 4339 962 4398; x_wconf 80' lang='lat' dir='ltr'><strong>consiliumet</strong></span> <span class='ocrx_word' id='word_1_217' title='bbox 974 4345 1047 4404; x_wconf 82' lang='lat' dir='ltr'><strong>datis,</strong></span> <span class='ocrx_word' id='word_1_218' title='bbox 1064 4347 1089 4394; x_wconf 86' lang='lat' dir='ltr'><strong>et</strong></span> <span class='ocrx_word' id='word_1_219' title='bbox 1100 4344 1158 4396; x_wconf 85' lang='lat' dir='ltr'><strong>dato</strong></span> <span class='ocrx_word' id='word_1_220' title='bbox 1171 4348 1284 4410; x_wconf 79' lang='lat' dir='ltr'><strong>gaudetis</strong></span> <span class='ocrx_word' id='word_1_221' title='bbox 1296 4347 1378 4399; x_wconf 82' lang='lat' dir='ltr'><strong>alma.</strong></span> <span class='ocrx_word' id='word_1_222' title='bbox 1390 4365 1405 4396; x_wconf 70' lang='grc' dir='ltr'><strong>ι</strong></span> 
     </span>
     <span class='ocr_line' id='line_1_32' title="bbox 369 4431 581 4502; baseline -0.009 -17"><span class='ocrx_word' id='word_1_223' title='bbox 369 4432 429 4502; x_wconf 83' lang='lat' dir='ltr'><strong>(on.</strong></span> <span class='ocrx_word' id='word_1_224' title='bbox 443 4435 509 4500; x_wconf 78' lang='lat' dir='ltr'><strong>u‚r.</strong></span> <span class='ocrx_word' id='word_1_225' title='bbox 524 4435 568 4484; x_wconf 89' lang='lat' dir='ltr'><strong>m</strong></span> <span class='ocrx_word' id='word_1_226' title='bbox 572 4431 581 4498; x_wconf 80' lang='lat' dir='ltr'><strong>t</strong></span> 
     </span>
    </p>
   </div>
   <div class='ocr_carea' id='block_1_8' title="bbox 0 0 1588 5140">
    <p class='ocr_par' dir='ltr' id='par_1_11' title="bbox 0 0 1588 5140">
     <span class='ocr_line' id='line_1_33' title="bbox 0 0 1588 5140; baseline 0 0"><span class='ocrx_word' id='word_1_227' title='bbox 0 0 1588 5140; x_wconf 95' lang='lat' dir='ltr'><strong> </strong></span> 
     </span>
    </p>
   </div>
  </div>
 </body>
</html>
