3168 5150
591 456 731 510 ..41-

144 606 162 644 »
190 578 346 651 nionibus
364 577 601 673 amplissima:
632 587 745 650 tamen
774 580 847 648 ista
870 589 999 649 uestra
1030 583 1179 650 nomina

51 702 55 712 ’
143 721 161 764 r>
190 717 381 792 nunquam
399 716 482 764 sum
500 689 731 780 admiratus·
742 695 835 766 viros
847 715 935 780 esse,
950 694 1009 786 qui
1025 716 1064 765 ea
1079 695 1179 768 vobis

37 821 42 830 “
143 836 161 870 n
189 811 415 903 reliquissent,
435 830 578 898 magnos
595 809 799 880 arbitrabar.
824 809 894 880 Neu
911 808 1103 880 mehercule
1114 811 1180 882 eli-

143 955 161 994 n
190 936 239 998 ter
251 926 323 998 vidi
336 923 530 995 existimare
540 925 594 996 vel
611 925 669 997 Cn.
682 925 890 1019 Pompeium,
907 947 1009 1018 quem
1022 925 1179 996 omnibus

143 1073 161 1108 »
190 1043 419 1136 quiunquam
445 1040 593 1130 fuerunt,
618 1041 673 1113 vel
694 1042 732 1112 P.
758 1043 950 1133 Lentulum,
974 1062 1077 1133 quem
1096 1038 1180 1110 mihi

143 1188 160 1223 t)
189 1158 255 1252 ipsi
272 1164 449 1248 antepono.
467 1157 529 1243 Tu,
558 1158 586 1227 si
604 1157 700 1228 aliter
715 1157 902 1244 existimem,
926 1156 1011 1227 nihil
1033 1157 1178 1244 errabis,

142 1299 161 1336 »
190 1269 219 1340 si
232 1268 333 1363 paulo
347 1267 541 1358 diligentius
552 1269 602 1366 (ut
613 1269 696 1363 quid
714 1270 757 1340 sit
774 1273 938 1366 εὐγενεία
949 1326 958 1358 ,
970 1269 1055 1363 quid
1067 1269 1111 1340 sit
1121 1291 1180 1340 no

142 1415 161 1456 n
189 1384 315 1470 bilitas,
333 1382 516 1479 intelligas)
530 1384 782 1474 Athenodorus,
799 1385 966 1457 Sandonis
977 1383 1081 1473 fitius,
1097 1385 1181 1478 quid

143 1527 162 1569 »
190 1499 301 1571 dehis
320 1499 421 1569 rebus
437 1501 538 1587 diuet,
561 1501 744 1574 attenderis
758 1502 780 1571 ¹.
798 1531 816 1566 »
828 1500 1014 1573 -Audisl
1031 1501 1123 1572 hune
1135 1501 1180 1572 ad

140 1613 419 1709 philosophorum
445 1612 551 1686 libros
580 1613 735 1688 dimittit!
761 1616 850 1687 Nem
868 1614 1107 1687 Athenodorus
1138 1615 1182 1687 de

142 1731 301 1827 εὐγενεία
326 1729 505 1823 scripserat
517 1731 544 1802 ².

188 1847 262 1915 Non
281 1845 394 1916 minus
411 1855 501 1916 reete
514 1847 615 1918 Silius
628 1849 754 1920 Bassus
765 1848 881 1918 rhetor
894 1847 1042 1918 ostendit
1060 1870 1182 1918 omnes

140 1957 300 2032 homines
330 1959 460 2032 humili
489 1961 567 2033 loeo
592 1977 688 2034 ortos
697 2016 712 2049 ,
738 1963 766 2034 si
789 1984 1004 2034 communem
1029 1964 1183 2034 omnium

139 2077 306 2169 originem
320 2084 515 2169 repetamus
533 2105 541 2148 ι
563 2079 629 2146 «Si
647 2089 785 2169 possent
795 2077 951 2149 homines
967 2079 1031 2148 sihi
1055 2087 1182 2150 sortem

142 2220 161 2260 n
189 2193 300 2262 seuere
326 2193 500 2280 nasoendi,
525 2214 625 2262 nemo
651 2202 737 2263 esset
761 2192 911 2280 humilis,
937 2215 1038 2263 nemo
1063 2215 1179 2284 egene,

141 2336 160 2376 u
188 2307 425 2401 unusquisque
454 2307 582 2378 felicem
606 2309 743 2381 domum
766 2307 956 2379 invaderet.
984 2309 1053 2380 Sed
1071 2329 1182 2401 quun·

141 2449 160 2496 u
189 2423 248 2495 diu
277 2445 344 2494 non
376 2445 515 2514 sumus,
544 2434 665 2495 nutura
696 2445 760 2494 nos
790 2424 900 2516 regit,
928 2432 962 2494 et
993 2424 1027 2492 in
1057 2445 1182 2515 quem-

141 2567 162 2608 »
191 2559 324 2631 cunque
350 2539 424 2610 vult
447 2561 565 2612 casum
590 2561 653 2611 nos
679 2539 791 2610 mittit.
822 2540 908 2610 Hine
938 2561 1056 2612 sumus
1085 2540 1183 2610 aesti-
1295 2592 1311 2612 .

144 2684 161 2720 »
189 2653 317 2743 mandi,
340 2675 417 2724 eum
432 2677 550 2725 sumus
563 2654 682 2726 nostri.
699 2655 782 2739 Quis
800 2654 865 2725 fuit
876 2656 1018 2740 Mutine,
1041 2655 1068 2726 si
1086 2655 1181 2725 illum

142 2798 160 2841 u
190 2771 224 2841 iu
245 2771 316 2842 suis
330 2771 577 2865 inspexerimus
591 2772 804 2863 majoribus?
821 2772 970 2842 humilis.
987 2772 1025 2842 ln
1039 2779 1088 2843 tot
1101 2794 1181 2844 con-

142 2915 161 2955 »
174 2951 177 2956 .
189 2887 354 2958 sulatihus
372 2887 455 2986 nihil
467 2888 573 2958 hebet
585 2888 709 2959 elarius
720 2910 824 2980 quam
836 2911 872 2958 se
884 2897 1069 2959 auctorem.
1085 2889 1183 2958 Pom·

143 3029 161 3074 »
190 3004 304 3096 peium
323 3003 351 3072 si
360 3001 587 3074 haereditariae
600 3004 800 3074 extulissent
813 3003 990 3092 imagines,
1000 3023 1101 3072 nemo
1110 3024 1183 3073 me-

143 3144 161 3188 n
190 3141 294 3210 gnum
309 3118 466 3190 dixisset.
481 3119 635 3188 Servium
655 3139 769 3209 regem
785 3118 860 3188 tulit
877 3118 983 3187 Roma
1002 3143 1010 3184 :
1034 3117 1068 3185 in
1085 3119 1183 3208 eujus

145 3263 162 3298 ›>
190 3234 373 3304 virtutihus
395 3233 583 3304 humilitate
599 3233 745 3304 nominis
762 3231 846 3302 nihil
865 3240 916 3304 est
940 3231 1078 3302 clarius.
1094 3232 1183 3316 Quid

145 3379 163 3414 »
190 3349 251 3420 tihi
271 3349 430 3422 videntur
449 3350 497 3419 illi
515 3350 560 3421 ab
574 3359 687 3421 aratro
701 3349 805 3438 citati,
825 3349 884 3443 qui
903 3356 1101 3442 paupertate
1120 3371 1182 3421 sua

144 3490 162 3534 n
191 3466 326 3536 beatam
335 3467 443 3538 fecere
453 3466 719 3558 rempublicam?
732 3463 1008 3563 Quemcumque
1019 3461 1182 3535 uolueris
1216 3527 1219 3530 .

144 3609 162 3653 u
192 3580 327 3654 revolve
343 3579 495 3654 nobilem
515 3609 525 3653 .·
548 3579 602 3653 ad
622 3579 862 3654 humilitatem
876 3585 1070 3682 pervenies.
1092 3583 1182 3668 Quid

145 3726 164 3766 »
191 3719 350 3769 recenseo
364 3698 529 3790 singulos,
546 3721 624 3770 oum
643 3699 733 3769 hune
755 3700 876 3771 urbem
896 3699 1024 3794 possim
1040 3697 1100 3770 tibi
1121 3720 1182 3770 os-

145 3837 164 3881 »
192 3811 351 3884 tendere?
376 3812 458 3883 nudi
480 3821 602 3884 stetere
628 3815 742 3884 eolles.
772 3815 862 3886 Inter
884 3814 960 3886 haec
978 3823 1049 3884 tum
1073 3812 1182 3884 effusa

147 3958 165 3993 »
193 3929 333 4017 moenia,
353 3927 436 3999 nihil
447 3938 499 4000 est
511 3929 631 3999 humili
644 3951 725 4001 uase
737 3931 898 4004 nobilius.
916 3927 1106 4021 Festigiatis
1126 3951 1183 3999 su·

148 4074 165 4109 »
192 4065 253 4138 pru
267 4043 363 4116 tectis
376 4065 460 4115 auro
472 4065 558 4138 puro
569 4043 704 4138 fulgens
717 4045 878 4140 praeluuet
891 4043 1179 4140 Capitoliumpo·

148 4297 150 4301 ’
182 4300 188 4330 ¹
204 4303 286 4356 Cicer.
301 4303 383 4365 Epist.
392 4320 432 4364 m,
447 4305 474 4353 ¹1.

182 4407 191 4439 ²
204 4409 304 4464 Fuhrlu.
315 4427 354 4476 111,
368 4408 445 4463 Stolo.
458 4408 543 4464 iudex.
