3158 5158
633 428 774 483 ...85-

190 548 305 620 bant¹.
326 549 568 619 deferebantur
581 552 745 643 praeclare
770 551 860 623 dicta
882 561 916 622 et
938 552 1046 641 iacta,
1069 562 1102 624 et
1123 552 1167 627 de
1192 552 1233 622 iis

192 663 432 736 disserebatur.

241 779 379 850 Necnon
397 802 530 850 mersus
542 802 562 851 e
576 781 781 854 carminibus
803 792 978 876 poetarum
992 781 1232 874 excerpebant,
1252 777 1407 878 mmm·

192 916 287 966 more
306 896 452 985 graeco2.
469 895 555 965 Nam
570 897 616 968 Μ.
633 898 764 968 Tullius
776 897 962 992 priscorum
976 897 1091 968 latinae
1107 895 1235 988 linguae

192 1019 368 1106 poetarum
387 1031 407 1081 e
426 1011 574 1082 fontibus
591 1013 729 1084 haurire
746 1015 843 1102 solet,
861 1015 987 1085 Seneca
1006 1033 1102 1099 vero,
1119 1031 1235 1082 recen·

193 1129 330 1200 tiorum.
352 1129 445 1199 Idem
459 1129 551 1222 apud
569 1130 719 1200 rhetores
734 1131 996 1225 usurpabatur³.

244 1247 423 1332 Praeterea,
441 1267 510 1336 quo
523 1247 633 1338 magis
645 1247 824 1340 perspicua
838 1256 872 1319 et
882 1246 1051 1341 pellucida
1064 1247 1118 1316 vel
1129 1246 1238 1318 tardis
1255 1268 1411 1370 1ὶιιιιιιίιιἰιίῑιιιέιὴζιοι.

194 1362 338 1455 ingeniis
368 1371 456 1432 esset
480 1363 602 1450 oratio,
637 1384 747 1456 neque
774 1365 843 1433 nlla
872 1372 1150 1454 argumentorum
1180 1373 1239 1435 aut

195 1487 442 1573 praeceptorum
456 1478 613 1571 cuiquam
627 1479 776 1550 officeret
787 1478 991 1566 obscuritas
1006 1499 1130 1572 ponere
1147 1480 1238 1550 sole-

197 1597 278 1666 bant
295 1596 485 1688 imagiues,
504 1603 541 1664 ut
561 1595 603 1665 de
617 1594 733 1666 Sextio
747 1595 928 1688 Attaloque
942 1594 1145 1688 accepimus,
1162 1595 1239 1687 qui·

197 1710 262 1781 bus
273 1709 460 1780 haerentem
470 1709 659 1780 auditorem
666 1710 722 1801 adj
728 1718 871 1780 uvarent
879 1718 938 1780 aut
949 1717 1137 1803 torpentem
1150 1711 1239 1782 exci-

198 1834 316 1898 tarent.
326 1824 501 1916 Pleraeque
513 1847 533 1894 a
545 1823 697 1896 moribus
706 1825 869 1913 romanis,
880 1824 1051 1916 rebusque
1057 1824 1241 1897 notissimis

196 1962 348 2034 ususque
372 1939 561 2033 quotidiani
579 1942 816 2028 sumebantur,
842 1940 929 2011 sicut
948 1961 1027 2032 qnae
1048 1937 1242 2033 frequenter

197 2058 283 2129 adeo
293 2064 474 2127 occurrunt
487 2056 529 2127 de
545 2057 648 2144 bello,
668 2066 727 2127 aut
741 2055 884 2126 deludis
895 2055 1117 2142 circensibus
1132 2058 1243 2129 auide

199 2171 454 2266 gladiatoribus.
471 2170 738 2265 suppeditabant
755 2192 892 2264 quoqne
906 2171 1016 2241 omnis
1030 2169 1165 2261 generis
1178 2193 1241 2242 ar-

199 2298 250 2360 tes
257 2295 455 2379 argumenta
467 2281 765 2378 similitudinum
778 2308 924 2379 namque
937 2308 992 2356 ars
1004 2285 1173 2373 medendi,
1183 2296 1243 2358 aut

200 2401 339 2474 scientia
356 2425 469 2474 rerum
493 2401 712 2490 naturalium,
737 2409 770 2470 et
790 2401 876 2496 ipsae
895 2400 1037 2494 plebeiae
1052 2421 1092 2471 ac
1102 2401 1242 2482 serviles

199 2537 314 2611 operae
327 2515 456 2608 aliquid
469 2516 770 2587 subministrabant
782 2515 905 2587 dicenti
912 2516 1003 2588 unde
1012 2516 1122 2587 lucem
1139 2513 1241 2587 rebus

199 2632 303 2704 aridis
320 2654 361 2704 ao
384 2631 601 2704 subobscuris
619 2630 824 2703 affunderet.

249 2749 369 2840 Neque
378 2769 399 2818 a
396 2743 554 2844 fabellis
566 2746 942 2834 abhorrebant,sedeas
953 2746 1172 2840 disputationi
1192 2747 1243 2817 in·
1291 2745 1391 2794 mil*

200 2863 452 2948 termiseebant,
469 2872 507 2931 ut
523 2863 587 2955 ipsi
605 2863 756 2934 rhetores
772 2865 800 2932 ⁴.
821 2864 930 2946 Quam
943 2861 1044 2948 avidi,
1059 2883 1162 2954 qnam
1180 2884 1244 2932 cu-

202 2977 282 3050 riosi
299 2997 418 3046 earum
438 2974 593 3044 homines
612 2988 724 3046 essent
742 2977 797 3045 vel
816 2977 1018 3048 documento
1037 2997 1112 3047 esse
1133 2986 1244 3070 potest

205 3089 249 3163 V
245 3088 351 3160 alarii
357 3087 523 3159 Maximi
534 3089 632 3176 liber,
646 3111 748 3181 quem
762 3089 883 3160 eredas
895 3088 939 3160 ad
951 3089 988 3160 id
999 3111 1073 3161 esse
1081 3090 1243 3184 scriptum

204 3216 240 3278 ut
255 3205 448 3277 rhetoribus
467 3226 508 3277 ac
526 3204 736 3298 pbilosophis
752 3204 932 3297 largiretur
947 3205 1038 3276 unde
1057 3207 1240 3300 deprome-

202 3332 290 3395 rent.
1130 3387 1132 3391 ,

253 3438 523 3532 Magnaquoque
535 3437 592 3507 illa
612 3458 693 3530 pars
706 3435 941 3530 disputationis
961 3443 1045 3526 erat,
1068 3455 1137 3530 qua
1150 3457 1245 3535 prae-
1276 3439 1404 3539 ,impp

205 3567 311 3650 cepta
323 3553 592 3625 continebantur.
611 3553 699 3623 Nam
714 3562 786 3622 tum
804 3552 887 3644 quid
902 3552 1013 3624 omnis
1021 3551 1145 3640 aetatis,
1162 3571 1245 3622 con·

205 3668 353 3758 ditionis,
379 3668 527 3762 generis,
551 3667 745 3739 hominibus
766 3677 857 3740 esset
876 3667 1242 3754 convenientissimum.

243 3856 247 3884 ¹
267 3859 315 3922 Ep.
337 3877 395 3910 xcv.
406 3857 520 3908 -Sicot
533 3857 568 3907 ait
579 3857 681 3906 Varro:
702 3867 718 3903 u
739 3852 1010 3904 Eluceutlsslmnmest
1022 3851 1145 3902 edocendi
1166 3864 1246 3915 genus

206 3948 378 4009 exemplorum
392 3944 513 3997 subditis.
530 3957 546 3995 rr
562 3945 609 4007 (Ex
623 3940 785 4008 Sententiis.)

242 4032 251 4062 ²
271 4049 287 4084 u
305 4035 530 4086 Animadvertebas
544 4046 630 4085 versus
644 4032 675 4084 ab
689 4033 728 4082 bis
746 4026 859 4098 (Grecisl
875 4029 1009 4082 admisceri
1026 4029 1144 4082 orcheni.
1158 4053 1193 4066 -
1210 4029 1247 4079 Ae

206 4124 299 4175 multos
317 4125 420 4186 quidem
441 4123 592 4184 sDionysio
606 4122 684 4172 stoico
687 4155 740 4173 .....
759 4146 793 4159 -
811 4120 929 4172 sindlosa
944 4119 1063 4182 equidem
1083 4123 1139 4170 utor
1155 4117 1247 4170 nostris

206 4213 296 4275 poetis.
312 4227 327 4259 u
342 4209 447 4279 (cloec,
462 4206 496 4274 Q.
511 4207 601 4274 Touo,
617 4229 650 4270 ιι,
666 4205 722 4279 ti.)

243 4298 253 4328 ³
271 4301 462 4362 vid.suns.1v,
478 4319 512 4350 vr.

244 4389 254 4418 ⁴
267 4391 389 4443 Controv.
400 4407 446 4456 ru,
458 4389 502 4442 18.
517 4405 530 4432 s
539 4389 628 4442 Gravis
640 4387 799 4440 scholasticos
812 4387 904 4440 inuasit
914 4387 1026 4447 morbus,
1038 4387 1085 4436 etc.
1100 4399 1114 4434 u
1217 4375 1223 4392 ⁶
