<?xml version="1.0" encoding="UTF-8"?>
<!DOCTYPE html PUBLIC "-//W3C//DTD XHTML 1.0 Transitional//EN"
    "http://www.w3.org/TR/xhtml1/DTD/xhtml1-transitional.dtd">
<html xmlns="http://www.w3.org/1999/xhtml" xml:lang="en" lang="en">
 <head>
  <title>
</title>
<meta http-equiv="Content-Type" content="text/html;charset=utf-8" />
  <meta name='ocr-system' content='tesseract 3.04.00' />
  <meta name='ocr-capabilities' content='ocr_page ocr_carea ocr_par ocr_line ocrx_word'/>
</head>
<body>
  <div class='ocr_page' id='page_1' title='image "./desapientiaedoc00aubegoog_0104.png"; bbox 0 0 3158 5158; ppageno 0'>
   <div class='ocr_carea' id='block_1_1' title="bbox 662 835 748 910">
    <p class='ocr_par' dir='ltr' id='par_1_1' title="bbox 662 835 748 910">
     <span class='ocr_line' id='line_1_1' title="bbox 662 835 748 910; baseline 0 -2"><span class='ocrx_word' id='word_1_1' title='bbox 662 835 748 910; x_wconf 84' lang='lat' dir='ltr'>Vlll.</span> 
     </span>
    </p>
   </div>
   <div class='ocr_carea' id='block_1_2' title="bbox 191 1043 1231 1195">
    <p class='ocr_par' dir='ltr' id='par_1_2' title="bbox 191 1043 1231 1195">
     <span class='ocr_line' id='line_1_2' title="bbox 191 1043 1231 1114; baseline -0.006 -14"><span class='ocrx_word' id='word_1_2' title='bbox 191 1049 227 1101; x_wconf 86' lang='lat' dir='ltr'>be</span> <span class='ocrx_word' id='word_1_3' title='bbox 240 1049 293 1102; x_wconf 82' lang='lat' dir='ltr'>Caii</span> <span class='ocrx_word' id='word_1_4' title='bbox 302 1048 409 1100; x_wconf 73' lang='lat' dir='ltr'>cissam</span> <span class='ocrx_word' id='word_1_5' title='bbox 418 1057 443 1098; x_wconf 86' lang='lat' dir='ltr'>et</span> <span class='ocrx_word' id='word_1_6' title='bbox 455 1047 552 1100; x_wconf 80' lang='lat' dir='ltr'><strong>Claudii</strong></span> <span class='ocrx_word' id='word_1_7' title='bbox 563 1049 712 1114; x_wconf 83' lang='lat' dir='ltr'>principatu.</span> <span class='ocrx_word' id='word_1_8' title='bbox 729 1074 759 1086; x_wconf 92' lang='lat'><em>-</em></span> <span class='ocrx_word' id='word_1_9' title='bbox 770 1046 888 1098; x_wconf 84' lang='lat' dir='ltr'>llomiues</span> <span class='ocrx_word' id='word_1_10' title='bbox 898 1047 925 1097; x_wconf 89' lang='lat' dir='ltr'>in</span> <span class='ocrx_word' id='word_1_11' title='bbox 939 1045 1011 1096; x_wconf 83' lang='lat' dir='ltr'>mulis</span> <span class='ocrx_word' id='word_1_12' title='bbox 1022 1045 1133 1096; x_wconf 75' lang='lat' dir='ltr'>solatius</span> <span class='ocrx_word' id='word_1_13' title='bbox 1147 1043 1231 1110; x_wconf 86' lang='lat' dir='ltr'>pbilo-</span> 
     </span>
     <span class='ocr_line' id='line_1_3' title="bbox 416 1125 975 1195; baseline 0.002 -17"><span class='ocrx_word' id='word_1_14' title='bbox 416 1128 502 1194; x_wconf 79' lang='lat' dir='ltr'>sophia</span> <span class='ocrx_word' id='word_1_15' title='bbox 515 1129 625 1195; x_wconf 85' lang='lat' dir='ltr'>petiisse.</span> <span class='ocrx_word' id='word_1_16' title='bbox 640 1157 670 1169; x_wconf 98' lang='lat'>-</span> <span class='ocrx_word' id='word_1_17' title='bbox 685 1127 720 1180; x_wconf 78' lang='lat' dir='ltr'>ne</span> <span class='ocrx_word' id='word_1_18' title='bbox 731 1127 852 1178; x_wconf 88' lang='lat' dir='ltr'>moriendi</span> <span class='ocrx_word' id='word_1_19' title='bbox 864 1125 975 1179; x_wconf 64' lang='lat' dir='ltr'>libidine,</span> 
     </span>
    </p>
   </div>
   <div class='ocr_carea' id='block_1_3' title="bbox 131 1323 1247 4193">
    <p class='ocr_par' dir='ltr' id='par_1_3' title="bbox 131 1323 1247 4193">
     <span class='ocr_line' id='line_1_4' title="bbox 240 1323 1232 1425; baseline -0.002 -25"><span class='ocrx_word' id='word_1_20' title='bbox 240 1327 322 1400; x_wconf 86' lang='lat' dir='ltr'>Cum</span> <span class='ocrx_word' id='word_1_21' title='bbox 338 1330 402 1400; x_wconf 90' lang='lat' dir='ltr'>sub</span> <span class='ocrx_word' id='word_1_22' title='bbox 415 1323 517 1400; x_wconf 89' lang='lat' dir='ltr'>finem</span> <span class='ocrx_word' id='word_1_23' title='bbox 539 1331 664 1402; x_wconf 86' lang='lat' dir='ltr'>Tiberii</span> <span class='ocrx_word' id='word_1_24' title='bbox 679 1329 902 1425; x_wconf 73' lang='lat' dir='ltr'>principatus,</span> <span class='ocrx_word' id='word_1_25' title='bbox 926 1337 960 1400; x_wconf 93' lang='lat' dir='ltr'>et</span> <span class='ocrx_word' id='word_1_26' title='bbox 982 1327 1062 1400; x_wconf 84' lang='lat' dir='ltr'>Caio</span> <span class='ocrx_word' id='word_1_27' title='bbox 1077 1327 1232 1400; x_wconf 86' lang='lat' dir='ltr'>Claudio·</span> 
     </span>
     <span class='ocr_line' id='line_1_5' title="bbox 192 1443 1230 1539; baseline 0 -25"><span class='ocrx_word' id='word_1_28' title='bbox 192 1463 260 1537; x_wconf 82' lang='lat' dir='ltr'>que</span> <span class='ocrx_word' id='word_1_29' title='bbox 282 1443 493 1534; x_wconf 87' lang='lat' dir='ltr'>florentibus,</span> <span class='ocrx_word' id='word_1_30' title='bbox 517 1445 685 1539; x_wconf 89' lang='lat' dir='ltr'>quidquid</span> <span class='ocrx_word' id='word_1_31' title='bbox 710 1467 732 1516; x_wconf 87' lang='lat' dir='ltr'>a</span> <span class='ocrx_word' id='word_1_32' title='bbox 758 1445 966 1538; x_wconf 89' lang='lat' dir='ltr'>principibus</span> <span class='ocrx_word' id='word_1_33' title='bbox 991 1443 1230 1533; x_wconf 87' lang='lat' dir='ltr'>saevissimum,</span> 
     </span>
     <span class='ocr_line' id='line_1_6' title="bbox 193 1557 1231 1655; baseline 0.002 -26"><span class='ocrx_word' id='word_1_34' title='bbox 193 1557 364 1653; x_wconf 86' lang='lat' dir='ltr'>quidquid</span> <span class='ocrx_word' id='word_1_35' title='bbox 389 1582 409 1631; x_wconf 90' lang='lat' dir='ltr'>a</span> <span class='ocrx_word' id='word_1_36' title='bbox 440 1559 581 1655; x_wconf 88' lang='lat' dir='ltr'>privatis</span> <span class='ocrx_word' id='word_1_37' title='bbox 618 1561 851 1655; x_wconf 87' lang='lat' dir='ltr'>turpissimum</span> <span class='ocrx_word' id='word_1_38' title='bbox 881 1560 1068 1652; x_wconf 81' lang='lat' dir='ltr'>excogitari</span> <span class='ocrx_word' id='word_1_39' title='bbox 1099 1567 1231 1654; x_wconf 86' lang='lat' dir='ltr'>potest,</span> 
     </span>
     <span class='ocr_line' id='line_1_7' title="bbox 197 1673 1236 1770; baseline 0 -24"><span class='ocrx_word' id='word_1_40' title='bbox 197 1675 313 1746; x_wconf 82' lang='lat' dir='ltr'>Romae</span> <span class='ocrx_word' id='word_1_41' title='bbox 326 1676 570 1764; x_wconf 79' lang='lat' dir='ltr'>celebraretur,</span> <span class='ocrx_word' id='word_1_42' title='bbox 584 1698 708 1770; x_wconf 90' lang='lat' dir='ltr'>neque,</span> <span class='ocrx_word' id='word_1_43' title='bbox 721 1675 889 1769; x_wconf 77' lang='lat' dir='ltr'>corruptis</span> <span class='ocrx_word' id='word_1_44' title='bbox 898 1678 985 1748; x_wconf 91' lang='lat' dir='ltr'>adeo</span> <span class='ocrx_word' id='word_1_45' title='bbox 1001 1673 1152 1748; x_wconf 88' lang='lat' dir='ltr'>moribus</span> <span class='ocrx_word' id='word_1_46' title='bbox 1163 1697 1236 1768; x_wconf 84' lang='lat' dir='ltr'>pro</span> 
     </span>
     <span class='ocr_line' id='line_1_8' title="bbox 197 1791 1235 1888; baseline 0.003 -29"><span class='ocrx_word' id='word_1_47' title='bbox 197 1791 376 1884; x_wconf 86' lang='lat' dir='ltr'>stratisque</span> <span class='ocrx_word' id='word_1_48' title='bbox 391 1792 546 1863; x_wconf 90' lang='lat' dir='ltr'>omnium</span> <span class='ocrx_word' id='word_1_49' title='bbox 559 1793 694 1883; x_wconf 88' lang='lat' dir='ltr'>animis,</span> <span class='ocrx_word' id='word_1_50' title='bbox 711 1793 779 1865; x_wconf 91' lang='lat' dir='ltr'>ulla</span> <span class='ocrx_word' id='word_1_51' title='bbox 798 1814 877 1888; x_wconf 88' lang='lat' dir='ltr'>spes</span> <span class='ocrx_word' id='word_1_52' title='bbox 894 1795 970 1864; x_wconf 91' lang='lat' dir='ltr'>viro</span> <span class='ocrx_word' id='word_1_53' title='bbox 994 1792 1072 1882; x_wconf 87' lang='lat' dir='ltr'>lorti</span> <span class='ocrx_word' id='word_1_54' title='bbox 1093 1814 1133 1862; x_wconf 87' lang='lat' dir='ltr'>ac</span> <span class='ocrx_word' id='word_1_55' title='bbox 1144 1792 1235 1862; x_wconf 93' lang='lat' dir='ltr'>bono</span> 
     </span>
     <span class='ocr_line' id='line_1_9' title="bbox 195 1906 1236 1998; baseline 0 -22"><span class='ocrx_word' id='word_1_56' title='bbox 195 1906 380 1998; x_wconf 80' lang='lat' dir='ltr'>affulgebat</span> <span class='ocrx_word' id='word_1_57' title='bbox 394 1909 466 1980; x_wconf 88' lang='lat' dir='ltr'>iore</span> <span class='ocrx_word' id='word_1_58' title='bbox 486 1919 522 1978; x_wconf 92' lang='lat' dir='ltr'>ut</span> <span class='ocrx_word' id='word_1_59' title='bbox 539 1907 584 1980; x_wconf 89' lang='lat' dir='ltr'>ad</span> <span class='ocrx_word' id='word_1_60' title='bbox 594 1910 769 1980; x_wconf 86' lang='lat' dir='ltr'>meliorem</span> <span class='ocrx_word' id='word_1_61' title='bbox 783 1908 922 1980; x_wconf 89' lang='lat' dir='ltr'>vivendi</span> <span class='ocrx_word' id='word_1_62' title='bbox 933 1908 1158 1980; x_wconf 89' lang='lat' dir='ltr'>conditionem</span> <span class='ocrx_word' id='word_1_63' title='bbox 1173 1928 1236 1977; x_wconf 90' lang='lat' dir='ltr'>un·</span> 
     </span>
     <span class='ocr_line' id='line_1_10' title="bbox 193 2022 1232 2118; baseline 0.004 -28"><span class='ocrx_word' id='word_1_64' title='bbox 193 2043 297 2113; x_wconf 91' lang='lat' dir='ltr'>quam</span> <span class='ocrx_word' id='word_1_65' title='bbox 316 2035 529 2095; x_wconf 83' lang='lat' dir='ltr'>recurrerent</span> <span class='ocrx_word' id='word_1_66' title='bbox 549 2025 719 2114; x_wconf 87' lang='lat' dir='ltr'>homines,</span> <span class='ocrx_word' id='word_1_67' title='bbox 737 2034 809 2095; x_wconf 89' lang='lat' dir='ltr'>tum</span> <span class='ocrx_word' id='word_1_68' title='bbox 829 2025 865 2094; x_wconf 94' lang='lat' dir='ltr'>in</span> <span class='ocrx_word' id='word_1_69' title='bbox 884 2025 1063 2118; x_wconf 88' lang='lat' dir='ltr'>amplexus</span> <span class='ocrx_word' id='word_1_70' title='bbox 1081 2022 1232 2117; x_wconf 87' lang='lat' dir='ltr'>pbiloso-</span> 
     </span>
     <span class='ocr_line' id='line_1_11' title="bbox 193 2134 1236 2231; baseline 0.003 -26"><span class='ocrx_word' id='word_1_71' title='bbox 193 2134 285 2226; x_wconf 86' lang='lat' dir='ltr'>pbiae</span> <span class='ocrx_word' id='word_1_72' title='bbox 302 2141 448 2231; x_wconf 88' lang='lat' dir='ltr'>optimus</span> <span class='ocrx_word' id='word_1_73' title='bbox 464 2139 611 2230; x_wconf 86' lang='lat' dir='ltr'>quisque</span> <span class='ocrx_word' id='word_1_74' title='bbox 634 2161 670 2210; x_wconf 86' lang='lat' dir='ltr'>se</span> <span class='ocrx_word' id='word_1_75' title='bbox 690 2138 796 2227; x_wconf 84' lang='lat' dir='ltr'>dedit,</span> <span class='ocrx_word' id='word_1_76' title='bbox 816 2139 875 2210; x_wconf 89' lang='lat' dir='ltr'>ubi</span> <span class='ocrx_word' id='word_1_77' title='bbox 901 2140 944 2211; x_wconf 93' lang='lat' dir='ltr'>de</span> <span class='ocrx_word' id='word_1_78' title='bbox 965 2139 1064 2209; x_wconf 90' lang='lat' dir='ltr'>malis</span> <span class='ocrx_word' id='word_1_79' title='bbox 1091 2137 1236 2209; x_wconf 88' lang='lat' dir='ltr'>civitatis</span> 
     </span>
     <span class='ocr_line' id='line_1_12' title="bbox 194 2252 1236 2347; baseline 0.004 -27"><span class='ocrx_word' id='word_1_80' title='bbox 194 2271 235 2320; x_wconf 92' lang='lat' dir='ltr'>ac</span> <span class='ocrx_word' id='word_1_81' title='bbox 248 2252 318 2323; x_wconf 89' lang='lat' dir='ltr'>suis</span> <span class='ocrx_word' id='word_1_82' title='bbox 327 2253 563 2345; x_wconf 82' lang='lat' dir='ltr'>ingemisceret</span> <span class='ocrx_word' id='word_1_83' title='bbox 578 2255 605 2326; x_wconf 92' lang='lat'>¹.</span> <span class='ocrx_word' id='word_1_84' title='bbox 622 2255 679 2325; x_wconf 92' lang='lat' dir='ltr'>llle</span> <span class='ocrx_word' id='word_1_85' title='bbox 698 2254 800 2346; x_wconf 81' lang='lat' dir='ltr'>igitur</span> <span class='ocrx_word' id='word_1_86' title='bbox 819 2276 915 2326; x_wconf 88' lang='lat' dir='ltr'>amor</span> <span class='ocrx_word' id='word_1_87' title='bbox 929 2253 1117 2347; x_wconf 75' lang='lat' dir='ltr'>sapientiae,</span> <span class='ocrx_word' id='word_1_88' title='bbox 1134 2275 1236 2346; x_wconf 91' lang='lat' dir='ltr'>quem</span> 
     </span>
     <span class='ocr_line' id='line_1_13' title="bbox 190 2365 1237 2462; baseline 0.002 -26"><span class='ocrx_word' id='word_1_89' title='bbox 190 2365 409 2455; x_wconf 84' lang='lat' dir='ltr'>jamdudum</span> <span class='ocrx_word' id='word_1_90' title='bbox 431 2369 466 2439; x_wconf 90' lang='lat' dir='ltr'>in</span> <span class='ocrx_word' id='word_1_91' title='bbox 481 2369 625 2462; x_wconf 78' lang='lat' dir='ltr'>egregiis</span> <span class='ocrx_word' id='word_1_92' title='bbox 644 2368 726 2440; x_wconf 86' lang='lat' dir='ltr'>viris</span> <span class='ocrx_word' id='word_1_93' title='bbox 744 2369 882 2440; x_wconf 89' lang='lat' dir='ltr'>insitum</span> <span class='ocrx_word' id='word_1_94' title='bbox 902 2369 1141 2462; x_wconf 77' lang='lat' dir='ltr'>comperimuS,</span> <span class='ocrx_word' id='word_1_95' title='bbox 1165 2365 1237 2440; x_wconf 88' lang='lat' dir='ltr'>fieri</span> 
     </span>
     <span class='ocr_line' id='line_1_14' title="bbox 194 2481 1237 2577; baseline 0.004 -27"><span class='ocrx_word' id='word_1_96' title='bbox 194 2481 298 2573; x_wconf 89' lang='lat' dir='ltr'>coepit</span> <span class='ocrx_word' id='word_1_97' title='bbox 308 2483 479 2554; x_wconf 80' lang='lat' dir='ltr'>ardentior</span> <span class='ocrx_word' id='word_1_98' title='bbox 495 2505 536 2554; x_wconf 91' lang='lat' dir='ltr'>ac</span> <span class='ocrx_word' id='word_1_99' title='bbox 545 2483 795 2574; x_wconf 86' lang='lat' dir='ltr'>vehementior,</span> <span class='ocrx_word' id='word_1_100' title='bbox 813 2494 846 2555; x_wconf 92' lang='lat' dir='ltr'>et</span> <span class='ocrx_word' id='word_1_101' title='bbox 855 2483 1014 2577; x_wconf 87' lang='lat' dir='ltr'>quaedam</span> <span class='ocrx_word' id='word_1_102' title='bbox 1026 2504 1120 2576; x_wconf 82' lang='lat' dir='ltr'>aegra</span> <span class='ocrx_word' id='word_1_103' title='bbox 1133 2481 1237 2554; x_wconf 90' lang='lat' dir='ltr'>libido</span> 
     </span>
     <span class='ocr_line' id='line_1_15' title="bbox 195 2595 1238 2694; baseline 0.004 -29"><span class='ocrx_word' id='word_1_104' title='bbox 195 2595 456 2691; x_wconf 87' lang='lat' dir='ltr'>philosophandi</span> <span class='ocrx_word' id='word_1_105' title='bbox 475 2599 600 2672; x_wconf 84' lang='lat' dir='ltr'>invasit</span> <span class='ocrx_word' id='word_1_106' title='bbox 620 2601 766 2672; x_wconf 90' lang='lat' dir='ltr'>animos.</span> <span class='ocrx_word' id='word_1_107' title='bbox 791 2602 865 2672; x_wconf 93' lang='lat' dir='ltr'>Non</span> <span class='ocrx_word' id='word_1_108' title='bbox 885 2602 1007 2690; x_wconf 91' lang='lat' dir='ltr'>solum,</span> <span class='ocrx_word' id='word_1_109' title='bbox 1025 2610 1062 2671; x_wconf 87' lang='lat' dir='ltr'>nt</span> <span class='ocrx_word' id='word_1_110' title='bbox 1079 2600 1238 2694; x_wconf 90' lang='lat' dir='ltr'>tempori·</span> 
     </span>
     <span class='ocr_line' id='line_1_16' title="bbox 195 2712 1239 2809; baseline 0.003 -27"><span class='ocrx_word' id='word_1_111' title='bbox 195 2712 260 2783; x_wconf 87' lang='lat' dir='ltr'>bus</span> <span class='ocrx_word' id='word_1_112' title='bbox 297 2713 376 2784; x_wconf 87' lang='lat' dir='ltr'>Divi</span> <span class='ocrx_word' id='word_1_113' title='bbox 398 2714 565 2807; x_wconf 83' lang='lat' dir='ltr'>Augusti,</span> <span class='ocrx_word' id='word_1_114' title='bbox 592 2716 651 2786; x_wconf 92' lang='lat' dir='ltr'>otii</span> <span class='ocrx_word' id='word_1_115' title='bbox 677 2717 986 2804; x_wconf 88' lang='lat' dir='ltr'>oblectamentum,</span> <span class='ocrx_word' id='word_1_116' title='bbox 1009 2714 1239 2809; x_wconf 90' lang='lat' dir='ltr'>torpentisque</span> 
     </span>
     <span class='ocr_line' id='line_1_17' title="bbox 195 2826 1239 2924; baseline 0.004 -28"><span class='ocrx_word' id='word_1_117' title='bbox 195 2826 322 2918; x_wconf 81' lang='lat' dir='ltr'>ingenii</span> <span class='ocrx_word' id='word_1_118' title='bbox 344 2828 619 2902; x_wconf 88' lang='lat' dir='ltr'>honestissimam</span> <span class='ocrx_word' id='word_1_119' title='bbox 644 2832 935 2919; x_wconf 84' lang='lat' dir='ltr'>exercitationem,</span> <span class='ocrx_word' id='word_1_120' title='bbox 958 2831 1105 2924; x_wconf 89' lang='lat' dir='ltr'>denique</span> <span class='ocrx_word' id='word_1_121' title='bbox 1131 2839 1239 2901; x_wconf 88' lang='lat' dir='ltr'>artam</span> 
     </span>
     <span class='ocr_line' id='line_1_18' title="bbox 197 2943 1241 3040; baseline 0.006 -31"><span class='ocrx_word' id='word_1_122' title='bbox 197 2949 285 3012; x_wconf 88' lang='lat' dir='ltr'>recte</span> <span class='ocrx_word' id='word_1_123' title='bbox 303 2961 343 3011; x_wconf 88' lang='lat' dir='ltr'>ao</span> <span class='ocrx_word' id='word_1_124' title='bbox 355 2943 441 3013; x_wconf 86' lang='lat' dir='ltr'>bene</span> <span class='ocrx_word' id='word_1_125' title='bbox 460 2945 601 3016; x_wconf 85' lang='lat' dir='ltr'>vivendi</span> <span class='ocrx_word' id='word_1_126' title='bbox 620 2947 664 3017; x_wconf 92' lang='lat' dir='ltr'>ab</span> <span class='ocrx_word' id='word_1_127' title='bbox 688 2969 727 3018; x_wconf 92' lang='lat' dir='ltr'>ea</span> <span class='ocrx_word' id='word_1_128' title='bbox 742 2947 960 3040; x_wconf 88' lang='lat' dir='ltr'>expetebant,</span> <span class='ocrx_word' id='word_1_129' title='bbox 990 2946 1051 3017; x_wconf 88' lang='lat' dir='ltr'>sed</span> <span class='ocrx_word' id='word_1_130' title='bbox 1080 2967 1158 3015; x_wconf 90' lang='lat' dir='ltr'>oum</span> <span class='ocrx_word' id='word_1_131' title='bbox 1184 2943 1241 3015; x_wconf 95' lang='lat' dir='ltr'>illo</span> 
     </span>
     <span class='ocr_line' id='line_1_19' title="bbox 131 3054 1239 3151; baseline 0.002 -27"><span class='ocrx_word' id='word_1_132' title='bbox 131 3105 139 3124; x_wconf 82' lang='grc'><strong><em>,</em></strong></span> <span class='ocrx_word' id='word_1_133' title='bbox 196 3054 293 3147; x_wconf 89' lang='lat' dir='ltr'>quasi</span> <span class='ocrx_word' id='word_1_134' title='bbox 322 3056 547 3127; x_wconf 87' lang='lat' dir='ltr'>laborantium</span> <span class='ocrx_word' id='word_1_135' title='bbox 579 3079 621 3130; x_wconf 91' lang='lat' dir='ltr'>ac</span> <span class='ocrx_word' id='word_1_136' title='bbox 645 3058 906 3130; x_wconf 85' lang='lat' dir='ltr'>febricitantium</span> <span class='ocrx_word' id='word_1_137' title='bbox 940 3059 1066 3151; x_wconf 90' lang='lat' dir='ltr'>impetu</span> <span class='ocrx_word' id='word_1_138' title='bbox 1092 3059 1137 3129; x_wconf 94' lang='lat' dir='ltr'>ad</span> <span class='ocrx_word' id='word_1_139' title='bbox 1163 3077 1239 3128; x_wconf 88' lang='lat' dir='ltr'>earn</span> 
     </span>
     <span class='ocr_line' id='line_1_20' title="bbox 198 3172 1242 3267; baseline 0.003 -26"><span class='ocrx_word' id='word_1_140' title='bbox 198 3173 448 3267; x_wconf 88' lang='lat' dir='ltr'>abriperentur,</span> <span class='ocrx_word' id='word_1_141' title='bbox 467 3175 595 3267; x_wconf 88' lang='lat' dir='ltr'>aliquid</span> <span class='ocrx_word' id='word_1_142' title='bbox 615 3175 733 3248; x_wconf 84' lang='lat' dir='ltr'>lortius</span> <span class='ocrx_word' id='word_1_143' title='bbox 756 3184 790 3246; x_wconf 91' lang='lat' dir='ltr'>et</span> <span class='ocrx_word' id='word_1_144' title='bbox 809 3173 993 3261; x_wconf 88' lang='lat' dir='ltr'>efficacius,</span> <span class='ocrx_word' id='word_1_145' title='bbox 1021 3172 1242 3244; x_wconf 89' lang='lat' dir='ltr'>medicinam·</span> 
     </span>
     <span class='ocr_line' id='line_1_21' title="bbox 198 3286 1246 3384; baseline 0.003 -27"><span class='ocrx_word' id='word_1_146' title='bbox 198 3289 311 3380; x_wconf 90' lang='lat' dir='ltr'>quein</span> <span class='ocrx_word' id='word_1_147' title='bbox 323 3289 421 3360; x_wconf 87' lang='lat' dir='ltr'>malis</span> <span class='ocrx_word' id='word_1_148' title='bbox 431 3289 652 3364; x_wconf 87' lang='lat' dir='ltr'>decretoriam</span> <span class='ocrx_word' id='word_1_149' title='bbox 666 3290 910 3384; x_wconf 80' lang='lat' dir='ltr'>efflagitabant,</span> <span class='ocrx_word' id='word_1_150' title='bbox 925 3289 990 3360; x_wconf 90' lang='lat' dir='ltr'>hoc</span> <span class='ocrx_word' id='word_1_151' title='bbox 1004 3299 1055 3360; x_wconf 89' lang='lat' dir='ltr'>est</span> <span class='ocrx_word' id='word_1_152' title='bbox 1068 3286 1246 3360; x_wconf 83' lang='lat' dir='ltr'>moriendi</span> 
     </span>
     <span class='ocr_line' id='line_1_22' title="bbox 198 3405 1243 3493; baseline 0.002 -22"><span class='ocrx_word' id='word_1_153' title='bbox 198 3405 397 3474; x_wconf 84' lang='lat' dir='ltr'>scientiam.</span> <span class='ocrx_word' id='word_1_154' title='bbox 421 3405 515 3492; x_wconf 90' lang='lat' dir='ltr'>Mox,</span> <span class='ocrx_word' id='word_1_155' title='bbox 542 3416 672 3478; x_wconf 87' lang='lat' dir='ltr'>mutato</span> <span class='ocrx_word' id='word_1_156' title='bbox 689 3428 803 3478; x_wconf 87' lang='lat' dir='ltr'>rerum</span> <span class='ocrx_word' id='word_1_157' title='bbox 821 3406 951 3493; x_wconf 89' lang='lat' dir='ltr'>ordine,</span> <span class='ocrx_word' id='word_1_158' title='bbox 981 3416 1124 3476; x_wconf 89' lang='lat' dir='ltr'>mortem</span> <span class='ocrx_word' id='word_1_159' title='bbox 1150 3424 1243 3474; x_wconf 91' lang='lat' dir='ltr'>oom-</span> 
     </span>
     <span class='ocr_line' id='line_1_23' title="bbox 200 3518 1244 3616; baseline 0.006 -30"><span class='ocrx_word' id='word_1_160' title='bbox 200 3519 343 3588; x_wconf 88' lang='lat' dir='ltr'>mautari</span> <span class='ocrx_word' id='word_1_161' title='bbox 362 3520 436 3592; x_wconf 88' lang='lat' dir='ltr'>loco</span> <span class='ocrx_word' id='word_1_162' title='bbox 449 3521 531 3592; x_wconf 84' lang='lat' dir='ltr'>vitae</span> <span class='ocrx_word' id='word_1_163' title='bbox 544 3521 618 3592; x_wconf 87' lang='lat' dir='ltr'>luit.</span> <span class='ocrx_word' id='word_1_164' title='bbox 636 3521 721 3592; x_wconf 88' lang='lat' dir='ltr'>Hinc</span> <span class='ocrx_word' id='word_1_165' title='bbox 739 3523 852 3593; x_wconf 88' lang='lat' dir='ltr'>nescio</span> <span class='ocrx_word' id='word_1_166' title='bbox 866 3521 947 3616; x_wconf 91' lang='lat' dir='ltr'>quid</span> <span class='ocrx_word' id='word_1_167' title='bbox 962 3520 1074 3592; x_wconf 86' lang='lat' dir='ltr'>moesti</span> <span class='ocrx_word' id='word_1_168' title='bbox 1086 3518 1244 3592; x_wconf 89' lang='lat' dir='ltr'>omnibus</span> 
     </span>
     <span class='ocr_line' id='line_1_24' title="bbox 199 3631 1245 3727; baseline 0.004 -25"><span class='ocrx_word' id='word_1_169' title='bbox 199 3631 509 3727; x_wconf 87' lang='lat' dir='ltr'>philosophantium</span> <span class='ocrx_word' id='word_1_170' title='bbox 529 3637 801 3710; x_wconf 87' lang='lat' dir='ltr'>meditationibus</span> <span class='ocrx_word' id='word_1_171' title='bbox 815 3637 976 3726; x_wconf 85' lang='lat' dir='ltr'>affusum,</span> <span class='ocrx_word' id='word_1_172' title='bbox 997 3635 1101 3707; x_wconf 89' lang='lat' dir='ltr'>veluti</span> <span class='ocrx_word' id='word_1_173' title='bbox 1126 3634 1245 3706; x_wconf 89' lang='lat' dir='ltr'>mortis</span> 
     </span>
     <span class='ocr_line' id='line_1_25' title="bbox 199 3747 1245 3846; baseline 0.003 -29"><span class='ocrx_word' id='word_1_174' title='bbox 199 3747 347 3842; x_wconf 81' lang='lat' dir='ltr'>imagine</span> <span class='ocrx_word' id='word_1_175' title='bbox 377 3773 510 3846; x_wconf 91' lang='lat' dir='ltr'>semper</span> <span class='ocrx_word' id='word_1_176' title='bbox 537 3762 616 3825; x_wconf 91' lang='lat' dir='ltr'>ante</span> <span class='ocrx_word' id='word_1_177' title='bbox 646 3756 762 3826; x_wconf 89' lang='lat' dir='ltr'>oculos</span> <span class='ocrx_word' id='word_1_178' title='bbox 791 3754 1015 3840; x_wconf 71' lang='lat' dir='ltr'>obversante,</span> <span class='ocrx_word' id='word_1_179' title='bbox 1042 3751 1122 3823; x_wconf 89' lang='lat' dir='ltr'>hinc</span> <span class='ocrx_word' id='word_1_180' title='bbox 1144 3772 1245 3823; x_wconf 85' lang='lat' dir='ltr'>voces</span> 
     </span>
     <span class='ocr_line' id='line_1_26' title="bbox 200 3864 1246 3960; baseline 0.005 -27"><span class='ocrx_word' id='word_1_181' title='bbox 200 3865 298 3954; x_wconf 90' lang='lat' dir='ltr'>quasi</span> <span class='ocrx_word' id='word_1_182' title='bbox 314 3864 456 3938; x_wconf 86' lang='lat' dir='ltr'>subirati</span> <span class='ocrx_word' id='word_1_183' title='bbox 474 3867 593 3954; x_wconf 89' lang='lat' dir='ltr'>animi,</span> <span class='ocrx_word' id='word_1_184' title='bbox 614 3877 648 3941; x_wconf 91' lang='lat' dir='ltr'>et</span> <span class='ocrx_word' id='word_1_185' title='bbox 666 3867 886 3960; x_wconf 86' lang='lat' dir='ltr'>indignantis,</span> <span class='ocrx_word' id='word_1_186' title='bbox 907 3877 940 3938; x_wconf 89' lang='lat' dir='ltr'>et</span> <span class='ocrx_word' id='word_1_187' title='bbox 961 3868 1052 3940; x_wconf 91' lang='lat' dir='ltr'>istud</span> <span class='ocrx_word' id='word_1_188' title='bbox 1075 3887 1246 3938; x_wconf 87' lang='lat' dir='ltr'>aerumna·</span> 
     </span>
     <span class='ocr_line' id='line_1_27' title="bbox 201 3983 1246 4078; baseline 0.003 -30"><span class='ocrx_word' id='word_1_189' title='bbox 201 4002 276 4049; x_wconf 91' lang='lat' dir='ltr'>rum</span> <span class='ocrx_word' id='word_1_190' title='bbox 296 3983 554 4054; x_wconf 89' lang='lat' dir='ltr'>contubernium</span> <span class='ocrx_word' id='word_1_191' title='bbox 568 4005 663 4077; x_wconf 79' lang='lat' dir='ltr'>aegre</span> <span class='ocrx_word' id='word_1_192' title='bbox 678 3986 829 4056; x_wconf 88' lang='lat' dir='ltr'>serentis.</span> <span class='ocrx_word' id='word_1_193' title='bbox 854 3984 963 4078; x_wconf 85' lang='lat' dir='ltr'>Coepit</span> <span class='ocrx_word' id='word_1_194' title='bbox 984 3983 1086 4076; x_wconf 85' lang='lat' dir='ltr'>igitur</span> <span class='ocrx_word' id='word_1_195' title='bbox 1111 3983 1246 4075; x_wconf 90' lang='lat' dir='ltr'>sapiens</span> 
     </span>
     <span class='ocr_line' id='line_1_28' title="bbox 201 4097 1247 4193; baseline 0.003 -30"><span class='ocrx_word' id='word_1_196' title='bbox 201 4097 312 4188; x_wconf 80' lang='lat' dir='ltr'>magis</span> <span class='ocrx_word' id='word_1_197' title='bbox 329 4118 369 4168; x_wconf 90' lang='lat' dir='ltr'>ac</span> <span class='ocrx_word' id='word_1_198' title='bbox 387 4099 497 4190; x_wconf 82' lang='lat' dir='ltr'>magis</span> <span class='ocrx_word' id='word_1_199' title='bbox 519 4099 583 4172; x_wconf 90' lang='lat' dir='ltr'>sibi</span> <span class='ocrx_word' id='word_1_200' title='bbox 598 4100 742 4188; x_wconf 84' lang='lat' dir='ltr'>haerere,</span> <span class='ocrx_word' id='word_1_201' title='bbox 760 4122 795 4170; x_wconf 90' lang='lat' dir='ltr'>se</span> <span class='ocrx_word' id='word_1_202' title='bbox 807 4102 931 4186; x_wconf 91' lang='lat' dir='ltr'>colere,</span> <span class='ocrx_word' id='word_1_203' title='bbox 949 4099 982 4170; x_wconf 92' lang='lat' dir='ltr'>in</span> <span class='ocrx_word' id='word_1_204' title='bbox 1001 4099 1115 4193; x_wconf 87' lang='lat' dir='ltr'>seipso</span> <span class='ocrx_word' id='word_1_205' title='bbox 1128 4117 1247 4169; x_wconf 88' lang='lat' dir='ltr'>omnes</span> 
     </span>
    </p>
   </div>
   <div class='ocr_carea' id='block_1_4' title="bbox 240 4297 1248 4370">
    <p class='ocr_par' dir='ltr' id='par_1_4' title="bbox 240 4297 1248 4370">
     <span class='ocr_line' id='line_1_29' title="bbox 240 4297 1248 4370; baseline -0.002 -18"><span class='ocrx_word' id='word_1_206' title='bbox 240 4297 246 4325; x_wconf 85' lang='lat'>¹</span> <span class='ocrx_word' id='word_1_207' title='bbox 269 4301 336 4352; x_wconf 85' lang='grc'><strong>«1111</strong></span> <span class='ocrx_word' id='word_1_208' title='bbox 354 4308 379 4353; x_wconf 84' lang='lat' dir='ltr'>to</span> <span class='ocrx_word' id='word_1_209' title='bbox 394 4306 473 4354; x_wconf 90' lang='lat' dir='ltr'>totum</span> <span class='ocrx_word' id='word_1_210' title='bbox 488 4303 593 4356; x_wconf 84' lang='lat' dir='ltr'>dedica:</span> <span class='ocrx_word' id='word_1_211' title='bbox 605 4306 696 4370; x_wconf 78' lang='lat' dir='ltr'>diguus</span> <span class='ocrx_word' id='word_1_212' title='bbox 711 4307 753 4356; x_wconf 86' lang='lat' dir='ltr'>illa</span> <span class='ocrx_word' id='word_1_213' title='bbox 770 4318 813 4366; x_wconf 80' lang='lat' dir='ltr'>es3</span> <span class='ocrx_word' id='word_1_214' title='bbox 829 4306 872 4356; x_wconf 85' lang='lat' dir='ltr'>tlla</span> <span class='ocrx_word' id='word_1_215' title='bbox 892 4311 915 4354; x_wconf 83' lang='lat' dir='ltr'>tc</span> <span class='ocrx_word' id='word_1_216' title='bbox 931 4304 1007 4366; x_wconf 81' lang='lat' dir='ltr'>dignu</span> <span class='ocrx_word' id='word_1_217' title='bbox 1020 4308 1067 4354; x_wconf 86' lang='lat' dir='ltr'>est.</span> <span class='ocrx_word' id='word_1_218' title='bbox 1083 4305 1120 4352; x_wconf 86' lang='lat' dir='ltr'>lte</span> <span class='ocrx_word' id='word_1_219' title='bbox 1135 4303 1160 4352; x_wconf 91' lang='grc'>111</span> <span class='ocrx_word' id='word_1_220' title='bbox 1176 4313 1248 4350; x_wconf 88' lang='lat' dir='ltr'>corn·</span> 
     </span>
    </p>
   </div>
   <div class='ocr_carea' id='block_1_5' title="bbox 203 4389 1248 4546">
    <p class='ocr_par' dir='ltr' id='par_1_5' title="bbox 203 4389 1248 4546">
     <span class='ocr_line' id='line_1_30' title="bbox 203 4389 1248 4455; baseline 0.002 -17"><span class='ocrx_word' id='word_1_221' title='bbox 203 4389 302 4452; x_wconf 87' lang='lat' dir='ltr'>plexum</span> <span class='ocrx_word' id='word_1_222' title='bbox 325 4391 389 4442; x_wconf 85' lang='lat' dir='ltr'>altar</span> <span class='ocrx_word' id='word_1_223' title='bbox 410 4393 521 4445; x_wconf 82' lang='lat' dir='ltr'>ulterius.</span> <span class='ocrx_word' id='word_1_224' title='bbox 546 4396 672 4448; x_wconf 82' lang='lat' dir='ltr'>Omnibus</span> <span class='ocrx_word' id='word_1_225' title='bbox 691 4396 746 4447; x_wconf 81' lang='lat' dir='ltr'>attis</span> <span class='ocrx_word' id='word_1_226' title='bbox 764 4397 839 4448; x_wconf 86' lang='lat' dir='ltr'>rebus</span> <span class='ocrx_word' id='word_1_227' title='bbox 860 4400 885 4447; x_wconf 83' lang='lat' dir='ltr'>to</span> <span class='ocrx_word' id='word_1_228' title='bbox 905 4405 968 4455; x_wconf 77' lang='lat' dir='ltr'>nega</span> <span class='ocrx_word' id='word_1_229' title='bbox 988 4391 1096 4452; x_wconf 79' lang='lat' dir='ltr'>fortiter,</span> <span class='ocrx_word' id='word_1_230' title='bbox 1118 4394 1248 4453; x_wconf 73' lang='lat' dir='ltr'>aperte.»</span> 
     </span>
     <span class='ocr_line' id='line_1_31' title="bbox 207 4477 347 4546; baseline 0.021 -19"><span class='ocrx_word' id='word_1_231' title='bbox 207 4477 267 4544; x_wconf 83' lang='lat' dir='ltr'>(Ep.</span> <span class='ocrx_word' id='word_1_232' title='bbox 282 4479 347 4546; x_wconf 83' lang='lat' dir='ltr'>run.)</span> 
     </span>
    </p>
   </div>
   <div class='ocr_carea' id='block_1_6' title="bbox 0 0 1598 5158">
    <p class='ocr_par' dir='ltr' id='par_1_6' title="bbox 0 0 1598 5158">
     <span class='ocr_line' id='line_1_32' title="bbox 0 0 1598 5158; baseline 0 0"><span class='ocrx_word' id='word_1_233' title='bbox 0 0 1598 5158; x_wconf 95' lang='lat' dir='ltr'> </span> 
     </span>
    </p>
   </div>
  </div>
 </body>
</html>
