3168 5150
814 448 956 502 ..18-

365 573 492 652 tuentis
504 595 539 651 se
557 572 721 674 praebuit?
733 573 866 660 Nonne,
888 592 968 670 quae
983 569 1029 648 ad
1046 567 1263 648 Numicium
1279 572 1404 671 scripta

364 697 428 778 est,
445 688 586 785 epistola
603 686 855 782 prudentissimi
881 684 1035 779 magistri
1065 693 1115 760 est
1132 695 1166 758 et
1192 685 1301 760 amice
1331 709 1404 762 mo·

362 805 497 884 nentis?
508 804 594 881 Nam
607 827 685 877 cnm
702 803 878 880 Numicius
891 803 976 878 inter
990 811 1161 898 praecepta
1180 803 1354 896 sapientiae
1372 814 1406 877 ct

361 942 490 1018 pravas
502 921 596 1012 vulgi
615 920 790 1019 opiniones
802 920 949 996 incertus
974 919 1132 1008 haereret,
1149 917 1287 994 Flaccus
1299 918 1405 992 ambi·

362 1037 455 1128 genti
470 1036 662 1107 virtutisne
689 1057 732 1106 an
752 1036 875 1107 erroris
901 1035 994 1107 viam
1012 1043 1223 1129 sequeretur,
1246 1057 1324 1130 qum
1339 1035 1405 1110 sint

361 1153 500 1230 vivendi
519 1135 661 1247 species,
681 1152 764 1246 quid
786 1175 934 1245 quaeque
952 1152 1151 1247 polliceatur
1173 1151 1331 1244 conditio,
1347 1160 1406 1222 aut

361 1271 522 1362 minetur,
550 1269 707 1358 ostendit,
725 1278 759 1342 et
783 1291 820 1340 re
839 1267 931 1342 omni
950 1269 1104 1364 exposita
1127 1278 1206 1342 ante
1229 1271 1358 1358 oeulos,
1375 1268 1405 1341 ei

360 1385 558 1460 facultatem
572 1384 632 1460 dat
645 1383 808 1476 eligendi.
827 1383 908 1454 Haee
919 1383 1056 1476 blande,
1073 1383 1150 1457 haec
1162 1384 1314 1472 comitor,
1330 1384 1406 1459 haec

360 1502 483 1592 facete,
498 1510 535 1578 ut
553 1501 649 1589 solet,
666 1522 798 1604 necnon
811 1510 846 1572 et
855 1500 1017 1592 graviter.
1032 1501 1174 1588 Eadem,
1192 1501 1220 1572 si
1235 1501 1351 1592 libeat,
1369 1501 1405 1570 in

360 1616 476 1692 multis
504 1616 658 1712 ejusdem
692 1617 842 1716 reperias
874 1615 1033 1710 Epistolis
1057 1617 1082 1688 ¹.
1109 1617 1217 1690 Habet
1242 1615 1404 1710 quiddam

361 1733 578 1827 epistolarum
589 1756 709 1825 genus,
723 1734 887 1804 familiare
899 1744 933 1803 et
945 1734 1032 1821 lene,
1043 1743 1075 1804 et
1085 1734 1244 1820 amicum,
1259 1733 1405 1808 etimites

360 1848 435 1920 illos
454 1851 558 1920 animi
580 1859 692 1920 motus
708 1869 795 1941 quos
814 1872 929 1918 mores
947 1858 1071 1920 vocant
1085 1849 1215 1946 recipit,
1242 1856 1364 1919 ettam
1383 1869 1404 1919 a

360 1965 540 2036 severitate
553 1965 820 2060 disputationum
835 1987 939 2057 quam
957 1987 978 2035 a
999 1964 1297 2036 vehementissimo
1320 1985 1405 2034 oon-

359 2083 495 2154 cionum
512 2083 639 2177 impetu
657 2083 828 2155 abhorret.
856 2083 973 2176 ltaque
991 2082 1070 2158 huic
1088 2082 1238 2158 maxime
1255 2081 1404 2176 philoso-

358 2195 1399 2295 phiaecongruit,quae‚utaitSeneca,bonumconsiliumesffl.

407 2318 482 2386 lam
506 2319 548 2402 in¹
565 2325 725 2410 promptu
743 2324 793 2386 est
818 2324 929 2387 cetera
942 2315 998 2386 hic
1018 2316 1175 2408 colligere
1192 2337 1271 2409 quae
1287 2313 1403 2385 amicis

360 2431 505 2504 suadere
522 2433 606 2503 solet
623 2442 661 2501 ut
675 2431 800 2502 faciant
812 2424 948 2503 blanda
957 2433 1085 2504 Horatii
1098 2433 1207 2504 Flacci
1221 2430 1399 2528 sapientia.

409 2547 496 2617 Nam
522 2568 582 2618 eos
612 2547 766 2624 hortatur
788 2555 827 2623 ut
847 2547 994 2621 honores
1023 2555 1270 2636 contemnant,
1289 2555 1322 2624 et
1349 2546 1404 2615 fa-

358 2685 464 2752 mam,
498 2663 711 2758 imperitique
738 2663 834 2754 vulgi
858 2663 1153 2750 existimationem,
1188 2660 1336 2749 divitiae,
1369 2670 1403 2731 et

359 2799 586 2872 quaecumque
606 2799 697 2850 vano
710 2776 844 2870 fulgore
857 2779 1098 2878 circumlucent
1109 2787 1143 2848 et
1160 2777 1291 2849 animos
1305 2777 1401 2848 deci-

358 2893 491 2986 piunt³.
508 2893 732 2965 Eximendum
754 2915 857 2964 essee
871 2901 1004 2986 pectore
1020 2893 1305 2986 superstitionem,
1322 2915 1401 2987 quae

359 3018 486 3080 metum
507 3010 605 3082 nobis
618 3011 756 3101 incutit;
777 3009 985 3081 amovendas
998 3011 1206 3104 voluptates,
1227 3031 1307 3105 quae
1326 3009 1402 3105 ani-

358 3147 452 3195 mum
470 3127 598 3198 coelesti
611 3127 752 3218 origine⁴
767 3128 953 3218 profectum
971 3126 1068 3196 humi
1081 3126 1230 3218 adfigere
1250 3127 1359 3197 solent
1371 3126 1397 3194 ⁴.

357 3241 438 3311 Haeo
454 3243 555 3313 etiam
568 3243 661 3312 addit
678 3271 685 3311 :
700 3241 908 3312 Fortitudine
921 3263 957 3312 se
976 3243 1123 3337 quisque
1137 3244 1267 3314 muniat
1277 3242 1399 3314 adver·

357 3379 416 3430 sus
434 3359 515 3428 vitae
533 3356 744 3448 discrimina3
761 3357 920 3428 virtutem
943 3358 1002 3458 qni
1027 3359 1191 3452 sequitur,
1220 3354 1401 3458 stipendia

356 3472 437 3542 lacit
458 3480 492 3543 et
515 3469 647 3542 miiitiae
670 3469 728 3542 dat
747 3493 886 3546 nornen.
907 3474 999 3548 Mors
1023 3475 1162 3548 servitio
1183 3473 1295 3568 potior
1308 3475 1335 3546 ⁵.
1353 3513 1398 3528 ·-

393 3683 399 3711 ¹
419 3684 479 3735 vid.
494 3685 552 3736 lior.
565 3688 587 3737 I.
599 3687 647 3749 Ep.
664 3705 693 3751 ιι,
707 3705 744 3748 11,
757 3707 804 3752 xu,
818 3707 873 3755 xm,
884 3709 947 3741 xvir.

393 3754 463 3818 ²131).
479 3757 566 3808 xnvrn'.

393 3824 402 3854 ³
417 3829 466 3890 Ep.
478 3846 498 3892 1,
512 3826 538 3880 6.
561 3827 640 3880 1-10.
653 3855 689 3866 -
702 3833 751 3892 Ep.
765 3832 846 3892 1‚,10‚
860 3845 884 3884 v.
899 3831 944 3882 50.

393 3895 402 3925 ⁴
415 3899 447 3947 V.
460 3901 513 3950 Sat.
524 3901 552 3966 5,
567 3901 585 3950 1,
598 3903 631 3962 ΙΙ,
646 3913 669 3952 v.
683 3901 716 3950 79
729 3907 754 3952 et
766 3903 873 3955 1811-
886 3903 938 3953 snt.
955 3899 980 3962 1,
996 3896 1013 3952 1.
1026 3902 1060 3964 ΙΙ,
1078 3913 1101 3954 v.
1118 3899 1162 3954 76.

395 3965 470 4020 ‘Sat
485 3971 511 4033 2,
527 3972 546 4024 l.
562 3975 596 4038 ΙΙ,
611 3985 636 4024 v.
653 3973 702 4021 111
720 3973 815 4025 etiae.

540 4080 567 4126 In
578 4097 629 4136 pace
642 4088 666 4128 ut
675 4098 696 4128 su
712 4084 757 4130 iens
764 4085 845 4138 aptarit
855 4085 932 4132 idonea
942 4083 1025 4130 bello...

689 4101 794 4193 duocirca
803 4139 869 4186 vivite
882 4138 954 4192 ferles,
965 4145 1025 4184 cic...

541 4233 639 4279 Perdidit
651 4249 717 4290 orma,
728 4234 799 4281 locum
808 4235 895 4282 virtutis
905 4235 1007 4289 descruit,
1016 4235 1054 4290 qui

540 4287 630 4342 Semper
641 4288 665 4333 in
675 4289 771 4340 ungenda
780 4289 866 4334 festinet
874 4297 895 4335 et
905 4289 1006 4335 obruitur
1015 4304 1067 4336 ra..

540 4383 580 4432 Vir
589 4384 659 4432 bonus
667 4391 690 4432 et
699 4387 783 4441 sepiens
792 4387 880 4434 audebit
893 4388 964 4434 dicere
975 4403 980 4433 ι
992 4387 1099 4444 Penthea,

542 4439 622 4488 Rectcr
632 4439 764 4498 Thebarum,
773 4440 824 4496 quid
834 4457 868 4489 nnc
877 4441 973 4497 perferre
984 4443 1071 4498 oreque
