3168 5150
597 453 737 509 ...45-

149 603 168 642 »
196 584 251 646 est
264 575 355 670 quod
368 598 511 650 uxorem
528 575 718 651 dimiseris?
729 578 897 671 numquid
913 577 1036 673 premit
1047 601 1184 652 censum

150 717 167 759 r
196 713 342 765 onerosa
359 693 562 786 sumptibus,
578 705 624 783 et,
641 691 678 766 u't
697 696 813 767 saeculi
826 716 900 767 mos
915 704 979 784 est,
995 695 1029 765 in
1042 696 1189 769 deterius

151 837 168 872 r
195 807 280 879 luxu
301 809 441 898 fluente,
458 809 634 882 muliebris
652 811 792 882 ambitio
816 812 999 883 certamine
1020 822 1137 882 mutuo
1155 813 1190 884 in

149 949 166 991 r
195 924 331 1017 publica
344 922 470 994 damna
485 925 642 1020 privatim
660 925 808 998 insanit?
822 925 998 1020 Numquid
1019 949 1187 1018 gemmas,

149 1068 166 1103 »
195 1048 287 1110 etex
301 1039 412 1110 alieno
425 1039 536 1111 littore
553 1041 674 1135 petitos
691 1041 837 1136 lapillos,
854 1053 887 1113 et
899 1064 1021 1113 aurum
1036 1051 1189 1114 vestem-

149 1183 166 1218 »
195 1177 263 1248 que
280 1154 364 1223 nihil
376 1154 411 1224 in
426 1165 579 1227 matrona
590 1164 756 1227 tecturam
770 1157 963 1251 concupivit
978 1161 987 1196 ¹
1000 1159 1015 1227 1
1036 1187 1053 1221 t)

199 1270 339 1342 Contra
359 1267 495 1342 ditores.
516 1274 599 1344 Cum
624 1275 711 1345 forte
735 1273 778 1346 de
803 1275 918 1367 pueris
941 1273 1128 1369 expositis,
1154 1282 1189 1343 et

146 1409 295 1483 quorum
313 1388 466 1461 membra
483 1391 652 1463 adomino
664 1392 707 1463 de
728 1391 894 1464 industria
909 1400 1005 1463 erant
1018 1394 1186 1478 truncata,

147 1513 326 1595 ageretur,
352 1505 519 1578 Labienus
546 1507 661 1578 rhetor
692 1506 774 1602 (qui
805 1508 977 1579 Rabienus
1002 1508 1189 1578 vocabatur

148 1619 229 1710 quia
248 1619 373 1714 passim
387 1621 524 1692 ordines
543 1631 575 1692 et
593 1622 748 1693 homines
764 1620 928 1716 laniabat)
946 1623 996 1694 sic
1008 1625 1189 1692 exclama-

148 1733 210 1821 vit,
223 1736 372 1806 oratione
387 1735 432 1806 'ad
445 1737 538 1829 ipsos
559 1738 730 1808 auditores
750 1759 942 1809 conversa:
969 1736 1186 1831 «Principes,

150 1872 167 1916 o
196 1848 316 1942 inquit,
339 1851 403 1922 viri
418 1862 536 1922 contra
559 1865 716 1923 naturam
738 1852 876 1924 divitias
898 1874 978 1924 suas
1002 1861 1184 1923 exercent:

149 1988 166 2031 r
195 1966 389 2038 excisorum
405 1969 671 2060 gregeshabent,
686 1970 880 2040 etexoletos
894 1957 1185 2062 suos'amputant3

149 2105 166 2147 »
195 2089 227 2149 et
245 2082 326 2172 quia
339 2083 430 2175 ipsos
443 2082 547 2176 pudet
557 2084 650 2154 viros
664 2105 751 2168 esse,
765 2083 802 2153 id
813 2093 1076 2176 aguntutquam
1088 2084 1187 2176 pauci

148 2220 168 2260 o
196 2193 261 2262 viri
269 2195 349 2264 sint.
362 2196 702 2268 Hisuemosuccurrit
713 2196 866 2268 delicatis
879 2207 912 2266 et
924 2198 1081 2267 formosis
1089 2196 1189 2269 debi-

149 2333 167 2376 c
196 2308 295 2380 libus
311 2311 455 2402 Curatis,
473 2313 551 2406 quis
560 2333 605 2384 ex
619 2311 798 2384 solitudine
813 2312 959 2382 infantes
968 2313 1111 2396 auferat,
1128 2301 1189 2405 pe·

153 2453 169 2488 o
200 2427 324 2497 rituros
345 2427 411 2498 nisi
432 2429 643 2500 auferantur.
664 2429 741 2498 Nou
761 2428 902 2514 curatis,
917 2426 1010 2519 quod
1025 2425 1080 2496 isti
1097 2425 1189 2496 beati

152 2566 169 2608 »
198 2542 395 2614 solitudines
409 2563 489 2614 suas
502 2545 726 2636 ingenuorum
738 2543 915 2636 ergastulis
926 2541 1106 2631 excolunt3
1121 2561 1190 2612 nou

152 2684 169 2720 »
197 2657 335 2746 curatis,
356 2653 449 2751 quod
462 2661 627 2751 juvenum
645 2659 847 2730 miserorum
866 2657 1112 2751 simplicitatem
1126 2657 1191 2728 eir-

152 2799 170 2837 »
198 2775 430 2862 eumveniunt,
464 2788 498 2846 et
523 2775 807 2870 speciosissimum
830 2794 1020 2867 quemque,
1041 2771 1190 2841 maxime

152 2912 169 2954 o
199 2888 359 2959 idoneum
388 2890 528 2978 castriS,
557 2891 591 2960 in
613 2891 731 2963 ludum
759 2889 949 2979 conjiciant.
979 2889 1016 2957 ln
1042 2897 1190 2958 mentem

152 3026 170 3070 »
198 3005 297 3076 vobis
319 3007 413 3076 venit
435 2997 587 3077 misereri
601 3005 737 3092 horum,
754 3003 847 3096 quod
866 3003 1099 3075 membraneo
1120 3003 1190 3072 ha-

153 3140 170 3184 »
199 3119 325 3191 beant?
335 3121 423 3205 Quid
434 3121 582 3211 illorum,
596 3119 689 3211 quod
704 3119 828 3188 frustra
842 3116 1011 3187 habent²?
1032 3143 1051 3182 u

198 3236 258 3307 1113
280 3236 407 3325 omnia,
438 3245 476 3306 ut
496 3257 585 3328 reor,
614 3235 697 3305 satis
723 3241 821 3304 erunt
845 3232 891 3303 ad
919 3229 1188 3303 confirmandum

149 3353 242 3444 quod
264 3361 363 3424 antea
377 3352 586 3440 dicebamus
602 3351 757 3423 videlieet
774 3349 962 3420 doctrinam
993 3356 1027 3420 et
1050 3356 1191 3418 senteu-

151 3467 214 3539 tias
228 3469 508 3564 philosophorum
526 3489 545 3539 e
561 3467 683 3538 scholis
703 3466 737 3534 in
757 3466 921 3560 populum
934 3464 1045 3558 magis
1063 3484 1104 3536 ac
1117 3481 1191 3534 ma·

150 3581 203 3675 gis
219 3604 359 3655 manare
372 3586 572 3678 penitusque
582 3581 704 3654 animis
718 3581 873 3653 insidere.

133 3841 137 3850 ‚
189 3779 296 3834 'contu
307 3800 337 3844 n,
352 3779 398 3834 111.

188 3868 197 3896 ²
209 3871 299 3924 contr.
311 3885 337 3932 v,
350 3869 395 3924 35.
