3158 5158
781 465 922 520 „34-

339 594 475 664 lesesse
491 589 618 662 dixeris
637 615 644 658 :
671 589 833 664 videntur
849 591 941 664 enim
964 589 1137 662 sententiis
1155 590 1226 664 suis
1237 589 1380 662 fortibus

337 717 371 778 et
395 707 502 779 acutis
520 707 675 778 instructi
690 715 723 778 et
745 707 868 779 armati
882 706 983 799 quasi
1000 705 1036 775 in
1053 705 1127 777 acie
1142 715 1245 794 stare,
1262 715 1297 778 et
1315 727 1382 799 pu-

337 844 440 915 gnam
459 844 668 916 provocare3
689 823 725 895 in
737 821 1095 916 philosophiaespatio‚
1108 822 1202 893 velut
1213 821 1245 892 in
1261 841 1383 914 campo

338 947 398 1009 aut
414 939 448 1008 in
463 960 580 1026 arena,
598 940 769 1009 luctantur
786 948 820 1010 et
840 938 1083 1030 digladiantur,
1111 959 1257 1008 summo
1273 962 1383 1036 opum

338 1057 382 1122 oi
410 1076 534 1125 nervos
567 1055 754 1142 tendentes,
778 1056 914 1148 telaque
938 1053 1100 1125 orationis
1130 1053 1315 1142 vibrantes,
1343 1062 1385 1124 ut

338 1191 433 1243 more
449 1192 603 1259 romano,
618 1171 748 1242 hostem
759 1171 892 1241 feriant.
914 1171 998 1240 Hinc
1011 1170 1076 1240 illis
1088 1170 1217 1262 aliquid
1230 1171 1384 1265 irnperio·

339 1306 415 1356 sum
434 1296 469 1356 ct
484 1287 620 1373 minax3
642 1286 722 1355 hinc
736 1287 849 1380 anrpla
866 1307 937 1356 vox
954 1295 988 1356 et
1005 1287 1119 1356 omnia
1140 1307 1302 1378 magnum
1327 1307 1386 1357 so-

339 1403 472 1490 nantia3
495 1403 575 1474 binc
589 1403 633 1472 ad
651 1401 822 1472 auditores
837 1403 944 1473 oratio
954 1403 1145 1496 frequenter
1162 1424 1338 1491 conversa,
1352 1413 1386 1474 ct

340 1519 552 1590 exclamandi
574 1521 797 1609 consuetudo,
828 1519 1051 1612 hominesque
1076 1541 1116 1592 ao
1140 1520 1219 1592 deos
1238 1520 1385 1612 compel-

339 1633 473 1702 landi¹z
496 1656 575 1726 quae
593 1643 715 1720 cuncta
738 1635 889 1728 prolecto
914 1633 1068 1726 turgida,
1094 1634 1223 1723 inflata,
1246 1635 1385 1706 modum

338 1749 536 1821 excedentia
549 1752 777 1838 contendero,
789 1760 883 1822 certe
900 1751 1056 1844 generosi
1069 1751 1208 1845 spiritus
1219 1761 1252 1822 et
1263 1752 1386 1844 ingen-

339 1864 382 1936 tis
392 1865 496 1935 animi
508 1869 608 1960 plena
622 1867 784 1937 fatebere.

388 1980 437 2049 Eo
451 2001 575 2072 genere
602 1979 735 2053 dicendi
758 1979 889 2050 animos
908 2003 928 2050 a
954 1981 1044 2053 vitiis
1063 1983 1277 2054 deterrebant
1293 1991 1327 2052 et
1344 1983 1387 2053 ad

338 2095 467 2165 bonum
486 2096 704 2190 impellebant
724 2125 732 2164 :
752 2118 792 2166 ea
810 2098 947 2184 concio,
971 2118 1012 2167 ea
1032 2093 1229 2168 cohortatio
1252 2097 1388 2185 diceba·

341 2218 407 2280 tur.
423 2211 522 2280 Nunc
540 2211 724 2282 adceleras
739 2211 975 2304 disputationis
992 2221 1107 2304 partes
1124 2234 1319 2306 pergamus.

183 2345 285 2444 dotorup
390 2327 472 2398 Erat
484 2327 586 2397 etiam
606 2349 685 2419 quae
703 2327 767 2398 dici
784 2337 895 2420 potest
914 2352 1055 2397 morum
1068 2316 1270 2426 descriptio,
1288 2339 1320 2400 et
1332 2351 1389 2400 ars

198 2413 265 2452 ΜΨ
277 2413 306 2442 ω’
342 2443 502 2534 quaedanr
521 2438 676 2510 notandi
695 2463 734 2512 ac
755 2437 976 2538 depingendi
992 2445 1104 2514 omnia
1133 2467 1213 2537 quae
1238 2444 1311 2516 vitii
1331 2453 1391 2515 aut

341 2557 475 2628 virtutis
489 2557 634 2648 effigiem
645 2579 717 2650 prae
727 2559 916 2628 seferunt2.
932 2559 969 2628 ln
977 2560 1144 2650 ejusmodi
1155 2561 1392 2654 descriptioni-

343 2672 407 2742 bus
417 2670 699 2760 immorabantur,
715 2693 768 2741 res
784 2672 936 2764 singulas
954 2675 1190 2767 persequendo
1202 2697 1242 2745 ac
1258 2675 1392 2768 plenius

344 2785 509 2874 dicendo,
546 2808 615 2879 quo
652 2785 734 2856 mali
775 2787 910 2858 foeditas
942 2789 1144 2882 virtutisque
1176 2790 1391 2883 pulchritudo

346 2902 556 2974 manifestior
580 2900 676 2974 fieret
698 2912 730 2973 et
757 2904 968 2975 audientium
1004 2906 1127 2976 animis
1153 2904 1285 3000 penitus
1304 2905 1393 2976 insi-

346 3018 453 3090 deret.

212 3171 303 3228 mi,
397 3135 583 3204 Sumebant
613 3156 749 3227 quoque
787 3135 914 3228 passim
944 3135 1116 3236 exemplo
1140 3159 1186 3207 cx
1212 3137 1394 3207 annalibus

348 3249 512 3341 gentium,
527 3249 719 3342 praesertim
735 3250 851 3343 populi
865 3252 1009 3341 romani,
1023 3252 1234 3345 deprompta,
1247 3252 1395 3321 etinvic-

349 3374 418 3435 tarn
437 3355 828 3467 Catonistconstantiam
843 3365 1040 3438 inviolatam
1059 3367 1178 3456 Reguli
1192 3365 1310 3454 fidem,
1331 3366 1395 3436 de-

348 3481 451 3572 nique
465 3480 736 3580 praestantissimi
756 3481 921 3574 cujusque
935 3481 1125 3572 singulares
1139 3481 1282 3552 virtutes
1292 3481 1396 3552 extol-

352 3597 478 3684 lebant,
495 3607 527 3667 et
540 3597 690 3690 ipsorum
709 3597 807 3690 quasi
822 3598 967 3669 formam
981 3619 1022 3668 ac
1034 3597 1236 3670 lineamenta
1255 3597 1396 3670 deduce·

390 3842 396 3869 ¹
417 3840 455 3895 Dc
469 3841 596 3912 Provid„
611 3847 641 3900 ⁴1.
655 3849 836 3912 «aggredere,
853 3847 955 3918 auimo,
969 3851 1013 3901 diu
1029 3850 1178 3902 medltatum
1196 3862 1268 3913 opus,
1281 3849 1349 3910 eripe
1371 3853 1396 3900 te

353 3940 430 3991 rebus
444 3941 578 3992 humanis!
595 3958 609 3990 n
627 3948 686 4004 etc,
702 3949 749 3996 etc.
762 3973 796 3982 -
811 3965 824 3990 «ι
840 3947 937 4009 Ecquid
956 3947 1120 3997 erubescitis?
1136 3947 1203 4010 quod
1221 3953 1270 3996 lum
1287 3946 1336 3995 cito
1351 3945 1395 4003 tit,

354 4053 369 4085 n
386 4037 479 4086 timetis
494 4036 555 4088 dlut
568 4054 582 4086 n
593 4033 684 4103 (loto,
698 4040 742 4104 vr.)
757 4068 790 4080 -
808 4057 823 4091 «
836 4043 914 4093 Vides
927 4043 995 4093 illam
1010 4043 1140 4107 arborem,
1155 4043 1272 4102 brevem,
1289 4041 1396 4091 retorri-

352 4136 427 4193 dam,
441 4129 584 4186 inlellcem‘l
600 4137 695 4198 pendet
706 4138 765 4188 inde
779 4140 978 4190 libertosvides
989 4142 1104 4204 Jugulum
1118 4147 1199 4204 tuum,
1215 4145 1300 4204 gutlur
1314 4142 1394 4192 tuum·

350 4237 496 4283 cortuum?
511 4233 600 4294 elluglu
615 4233 741 4285 servitutis
753 4240 822 4300 sunt,
836 4242 884 4286 etc.
897 4252 912 4284 n
927 4233 974 4298 (De
987 4233 1041 4304 ira,
1054 4257 1098 4303 ιιι,
1112 4233 1168 4302 lo.)
1181 4263 1217 4276 —
1230 4252 1244 4284 o
1259 4235 1325 4296 Quid
1339 4247 1397 4286 ces-

353 4335 411 4380 sus?
425 4331 550 4381 Fortunat
567 4333 734 4394 congrederel
754 4339 866 4397 paratum
883 4335 966 4386 vides!
984 4353 998 4384 n
1015 4335 1073 4402 (Ep.
1087 4335 1168 4400 Ἰιιιιν.)

390 4426 399 4454 ²
419 4429 483 4480 Vide
494 4430 542 4492 Ep.
558 4448 605 4480 xcv
619 4431 663 4481 ubl
677 4431 709 4482 dc
723 4433 762 4482 bis
776 4433 852 4483 rebus
867 4433 910 4484 dut
921 4439 1044 4497 precepto
1057 4435 1107 4485 An.
1122 4435 1227 4486 Seneca.
