3158 5158
293 451 530 518 =,;355·‚.·:.,.=
568 453 895 554 ²²⁹‘'³‘'⁹''·‘..102
916 527 950 536 -

345 625 495 720 quodam
518 647 558 696 ac
575 623 738 716 singulari
757 621 888 696 dicendi
904 645 1025 717 genere
1051 623 1232 716 legentium
1251 621 1390 694 fastidia

344 743 493 814 vincere.
515 743 633 834 ltaque
647 763 706 811 eas
721 743 867 834 primum
891 742 1045 832 angustis
1070 739 1209 810 includit
1224 739 1396 810 sententiis

346 867 379 930 et
393 867 512 941 arctat,
541 879 584 926 ne
610 857 644 926 in
668 857 750 926 locis
775 857 1012 928 communibus
1031 855 1157 926 diutins
1176 856 1392 947 immoretur3

347 973 468 1046 deinde
482 975 588 1044 verba
609 995 730 1065 parum
752 974 878 1044 usitata
898 983 930 1044 ct
950 973 1051 1064 longe
1075 975 1247 1061 arcessita,
1266 973 1397 1066 plebeia

349 1111 453 1183 saepe,
483 1111 543 1183 pro
561 1091 666 1175 notis,
697 1098 729 1159 et
744 1091 861 1176 rectis,
885 1099 918 1160 et
937 1089 1080 1184 egregiis
1102 1114 1110 1155 :
1132 1089 1211 1159 inde
1233 1109 1337 1182 prava
1364 1099 1398 1160 ct

349 1207 481 1277 insueta
494 1215 528 1276 et
546 1205 607 1277 vix
625 1204 729 1276 latina
757 1205 888 1276 dicendi
904 1205 1002 1275 ratio.
1033 1205 1185 1276 Persium
1206 1214 1397 1276 memorant

349 1322 533 1417 plurimum
556 1341 671 1415 operae
694 1322 934 1414 componendis
957 1321 1070 1391 satiris
1094 1321 1313 1414 impendisse,
1335 1343 1398 1393 nec

348 1441 465 1529 miror,
484 1460 564 1508 nam
580 1437 623 1508 de
642 1438 776 1529 ingenio
792 1458 853 1508 suo
873 1439 1076 1532 supplicium
1095 1459 1228 1508 sumere
1244 1437 1335 1507 hunc
1349 1437 1399 1508 di-

347 1574 419 1641 cae,
434 1562 467 1625 et
482 1553 630 1624 sermoni
645 1551 751 1624 latino
773 1553 844 1622 vim
858 1554 993 1624 inferre.
1011 1553 1137 1624 Tamen
1152 1554 1184 1624 in
1201 1553 1258 1623 illo
1273 1574 1396 1624 nervos

348 1680 381 1740 et
400 1667 537 1741 aculeos
559 1669 730 1762 reperias;
754 1690 876 1738 versus
903 1690 971 1739 non
996 1667 1105 1738 [luunt
1121 1669 1310 1755 illaborati,
1338 1677 1397 1738 aut

349 1785 487 1856 feliciter
510 1785 652 1870 curiosi,
681 1786 742 1855 sed
760 1784 889 1876 grande
911 1785 1038 1877 aliquid
1064 1794 1096 1854 et
1115 1787 1213 1878 quasi
1232 1785 1396 1876 tragicum

349 1904 492 1995 spirant,
503 1911 536 1972 et
547 1903 606 1994 qui
617 1897 751 1992 Virgilii
763 1899 954 1972 facilitatem
967 1903 1251 1994 aspernabantur,
1265 1901 1290 1970 ii
1299 1909 1397 1971 erant

348 2019 408 2110 'qui
425 2015 586 2088 Parsiana
604 2016 784 2109 asperitate
802 2017 999 2108 gauderent.

397 2133 509 2228 Saepe,
526 2155 605 2204 cum
624 2133 728 2203 Persii
745 2131 869 2203 librum
889 2133 1092 2224 evolvimus,
1114 2135 1230 2205 mirari
1249 2132 1396 2206 solemus

348 2253 441 2346 quod
454 2251 630 2323 Horatium
646 2251 732 2322 adeo
743 2252 893 2321 imitatus
908 2251 962 2340 sit,
978 2254 1072 2322 atilli
1086 2273 1142 2323 res
1158 2261 1190 2322 et
1203 2253 1310 2322 verba
1325 2273 1398 2322 sur·

348 2368 502 2462 ripuerit.
536 2367 601 2438 Sed
623 2367 701 2438 haec
720 2367 803 2437 mihi
826 2389 928 2438 causa
948 2367 1084 2438 videtur
1101 2367 1308 2447 verissima:
1329 2390 1396 2438 non

348 2484 523 2556 Horatium
541 2481 675 2553 Persius
693 2483 857 2573 imitatur,
879 2483 940 2553 sed
959 2493 1102 2578 uterque
1131 2484 1253 2555 stoicos
1274 2493 1325 2555 est
1344 2506 1397 2554 se·

348 2609 460 2686 cutus,
481 2608 646 2670 eteorum
661 2598 866 2686 doctrinam,
890 2609 1075 2692 praecepta,
1096 2600 1279 2670 sententias
1293 2599 1398 2670 versi-

348 2715 414 2784 bus
438 2715 630 2785 illustravit.
665 2713 722 2800 At,
750 2713 912 2806 quoniam
937 2715 1076 2785 Flaccus
1104 2716 1197 2809 prior
1220 2716 1396 2786 materiam

350 2839 565 2916 tractaverat,
582 2829 697 2899 Persio
715 2829 777 2897 fuit
795 2851 932 2899 necesse
946 2830 1074 2922 aliquid
1094 2831 1126 2900 in
1142 2831 1256 2901 verbis
1274 2833 1397 2902 immu-

341 2955 434 3040 tare.
452 2947 541 3016 luter
567 2968 627 3016 eos
652 2956 764 3016 autem
783 2945 869 3016 ratio
892 2945 1024 3017 dicendi
1040 2948 1188 3018 maxime
1204 2949 1394 3044 discrepat:

349 3062 520 3150 Horatius,
550 3063 652 3134 etiam
674 3085 751 3132 cnm
779 3061 1000 3157 philosophos
1031 3064 1160 3135 inducit
1184 3063 1398 3156 disputantes

349 3187 408 3248 aut
426 3179 498 3270 ipsc
522 3177 798 3271 philosophatur,
836 3199 905 3247 non
936 3178 1151 3273 magistram,
1184 3177 1245 3248 sed
1262 3189 1397 3272 poetam

350 3295 433 3387 agit,
454 3294 639 3386 etquidem
658 3293 851 3384 satiricum3
868 3293 1003 3364 Persius
1015 3303 1133 3366 contra
1148 3295 1397 3388 philosophiam

351 3412 423 3504 ipse
442 3409 538 3480 docet
551 3418 586 3480 et
598 3409 735 3480 Cornuti
756 3409 853 3506 quasi
881 3419 995 3504 partes
1020 3411 1143 3504 explet,
1166 3411 1398 3504 professoriae·

351 3547 419 3621 que
432 3522 604 3597 severitati
616 3525 755 3628 accedit.
778 3525 872 3596 Alter
885 3536 1056 3618 comptus,
1074 3536 1109 3597 et
1131 3527 1272 3615 nilidae,
1289 3538 1321 3598 et
1339 3550 1397 3598 ve·

350 3651 484 3733 nostus,
500 3651 533 3714 ct
549 3641 635 3712 bene
652 3650 780 3713 curatae
793 3645 901 3732 outis3
920 3643 1003 3713 alter
1024 3653 1180 3732 moestuS,
1196 3651 1230 3713 et
1243 3643 1398 3715 adductae

351 3757 483 3847 ironiis,
500 3759 720 3851 barbataeque
742 3758 918 3853 sapientiae
936 3761 1165 3852 paedagogus,
1181 3782 1249 3830 non
1270 3761 1398 3831 facetus

352 3875 413 3946 sed
425 3874 621 3963 iracundus,
643 3897 710 3944 non
726 3875 771 3944 ad
784 3873 889 3944 risum
900 3898 1026 3969 pronus
1042 3877 1101 3947 sed
1112 3876 1157 3947 ad
1171 3877 1394 3947 stomachum.

399 3991 492 4061 Dicet
507 3991 630 4084 aliquis
655 4015 661 4059 :
685 4013 791 4084 quum
811 3990 845 4059 in
867 3991 980 4062 Persio
1000 4001 1069 4061 tam
1085 3993 1191 4061 multa
1213 3989 1397 4086 reprehen-

352 4107 461 4179 denda
488 4108 654 4195 invenias,
684 4116 752 4176 tam
778 4128 885 4200 panca
907 4129 987 4177 vero
1015 4105 1202 4194 laudanda,
1228 4109 1286 4200 qui
1306 4105 1344 4177 fit
1361 4115 1398 4177 ut

353 4249 427 4294 uno
452 4218 541 4294 libro
567 4221 725 4292 maldram
746 4219 875 4318 gloriae
894 4235 929 4292 et
957 4246 1057 4292 verre
1083 4223 1272 4294 meruerit?
1302 4223 1395 4292 Illam

351 4339 467 4411 Persio
486 4340 612 4410 famam
631 4339 814 4430 contigisse
838 4339 983 4408 arbitror
998 4341 1091 4432 quod
1113 4339 1269 4412 versibus
1286 4337 1395 4409 inclu-

346 4458 447 4528 deret
464 4479 578 4528 rerum
591 4465 791 4548 argumenta
805 4465 878 4525 tum
896 4458 1045 4528 maxime
1064 4455 1244 4545 celebrata,
1262 4477 1341 4549 quae
1360 4456 1394 4525 in
