3158 5158
641 454 801 509 -lta-

198 599 322 671 graeco,
347 599 425 649 cum
445 577 648 672 paucissima
671 579 751 666 sint,
776 580 976 653 invertimus
993 589 1031 649 ut
1054 579 1241 652 Stobaeanis

198 693 397 786 fragmentis
412 692 593 765 addantur.

248 811 333 881 Cum
351 809 519 880 Thraseas
536 809 695 881 Musonio
722 810 863 883 dixisset
889 839 897 882 ε
922 810 1013 884 Malo
1026 810 1128 882 hodie
1157 811 1242 881 mori

197 946 303 1018 quam
329 946 405 995 cras
426 923 598 1012 exsulare,
618 925 794 996 Musonius
820 926 1019 1018 respondit:
1044 925 1079 997 si
1100 936 1243 996 mortem

198 1049 311 1132 optas,
332 1048 370 1110 ut
392 1038 598 1130 graviorem,
619 1041 733 1112 minus
751 1049 841 1112 recte
858 1041 994 1133 dixisti3
1015 1041 1068 1112 sin
1081 1050 1119 1110 ut
1139 1040 1243 1112 levio-

198 1177 285 1241 rem,
300 1154 377 1245 quis
390 1154 451 1225 tibi
468 1155 639 1249 optionem
664 1155 779 1227 dedit?
797 1156 895 1228 Disce
908 1155 1016 1228 laetari
1038 1155 1080 1226 iis
1093 1177 1171 1248 quae
1182 1157 1244 1228 tibi

198 1269 279 1339 data
291 1277 369 1340 sunt
385 1268 411 1337 ¹.
429 1308 478 1320 --
490 1270 680 1363 Epictetum
693 1269 778 1342 lorte
791 1272 1034 1363 objurgaverat
1055 1271 1148 1364 quod
1161 1271 1189 1342 is
1209 1271 1244 1340 in

199 1384 404 1477 disputando
423 1405 544 1478 pamm
558 1394 636 1479 apte
645 1386 870 1479 conclusaque
887 1386 1024 1460 diceret.
1041 1387 1132 1457 Num
1144 1389 1242 1475 forte,

202 1498 375 1592 Epictetus
388 1499 449 1587 ait,
463 1499 627 1593 Capitolio
641 1501 732 1571 laces
743 1499 904 1572 subdidi?
920 1499 1035 1571 —An
1051 1500 1120 1589 ille,
1144 1523 1241 1595 puer,

199 1612 310 1707 inquit
325 1614 514 1704 Musonius,
532 1617 592 1707 qui
604 1615 770 1709 Capitolio
785 1637 853 1688 non
878 1612 993 1688 subdit
1008 1618 1113 1704 faces,
1135 1618 1246 1688 conti-

199 1750 269 1800 nuo
289 1729 430 1801 crimine
443 1730 537 1802 omni
547 1739 640 1802 caret
658 1731 761 1802 sp„
777 1731 869 1802 ldem
887 1753 958 1826 quo
976 1732 1101 1802 certius
1113 1731 1244 1803 adoles-

199 1846 346 1917 centium
364 1846 512 1919 indolem
529 1858 758 1942 pernosceret,
774 1871 852 1920 oum
871 1869 909 1919 se
928 1869 1054 1939 magno
1072 1848 1246 1943 sapientiae

201 1960 314 2031 studio
328 1962 434 2034 teneri
452 1961 673 2049 affirmarent,
690 1985 750 2036 eos
764 1963 810 2034 ab
822 1964 955 2057 incepto
971 1963 1142 2034 deterrere
1155 1956 1247 2034 sole·

199 2074 285 2166 bat;
315 2075 445 2170 itaqua,
468 2077 496 2148 si
518 2077 609 2170 quis,
630 2077 690 2149 illo
712 2076 925 2162 dehortante,
946 2087 1059 2148 tamen
1084 2077 1245 2170 propositi

199 2201 305 2263 tenax
319 2201 475 2285 pergeret
488 2189 535 2263 ad
552 2191 726 2281 virtutem,
748 2193 841 2264 hunc
860 2212 921 2286 pro
944 2201 1094 2286 spectato
1107 2212 1147 2262 ac
1160 2213 1246 2285 pro-

200 2306 281 2378 bato
298 2305 450 2378 babebat
461 2307 542 2376 3.-
554 2307 674 2379 Occiso
684 2307 807 2394 Galba,
824 2306 947 2400 aliquis
959 2306 1001 2377 de
1018 2306 1117 2378 turba
1131 2307 1246 2377 Muso-

199 2423 296 2492 nium
318 2423 556 2516 compellans:
580 2451 597 2487 ι(
627 2423 719 2494 Num
743 2425 830 2494 iorte
857 2421 960 2493 etiam
986 2444 1090 2509 nunc,
1122 2422 1243 2515 inquit,

200 2535 351 2629 aliquam
372 2537 520 2609 Deorum
534 2558 609 2609 esse
629 2537 880 2609 Providentiam
899 2537 1104 2609 contendes?
1126 2578 1175 2588 —-
1191 2536 1246 2608 An

200 2653 300 2744 forte,
320 2652 496 2746 respondit
516 2652 585 2741 ille,
615 2653 733 2725 Galbae
757 2653 888 2724 auxilio
905 2673 1057 2746 unquam
1071 2673 1155 2724 usus
1169 2675 1245 2723 sum

200 2776 239 2837 ut
253 2753 504 2839 Providentiam
523 2789 597 2840 esse
608 2769 788 2862 probarem
803 2769 845 2837 ⁴?

249 2882 302 2952 Ex
318 2881 373 2970 iis,
398 2903 477 2975 quae
493 2881 536 2953 de
546 2882 717 2953 Demetrio
729 2905 770 2953 ac
782 2882 937 2953 Musonio
950 2884 1134 2967 attulimus,
1154 2891 1246 2975 patet

199 2998 376 3091 utriusque
393 2998 581 3072 doctrinam
597 2997 750 3070 eamdem
772 2999 843 3068 fere
866 2999 971 3068 luisse
995 3019 1099 3089 qnam
1122 2997 1243 3085 Sextii,

200 3110 317 3203 Attali,
333 3113 492 3200 Sotionis,
506 3112 659 3198 Fabiani,
678 3122 712 3182 et
725 3113 863 3184 Senecae
880 3111 1105 3207 disciplinam.
1118 3111 1244 3182 Eorum

200 3229 351 3300 omnium
372 3229 525 3300 instituta
544 3227 669 3322 pariter
687 3226 815 3299 babere
837 3226 919 3298 milri
943 3227 1101 3298 videntur
1116 3227 1245 3320 aliquid

201 3345 287 3415 lorto
307 3355 341 3417 et
353 3345 464 3434 uirile,
485 3344 586 3414 simul
596 3345 631 3413 in
647 3342 802 3417 homines
820 3344 913 3433 mite,
933 3365 1013 3435 erga
1026 3343 1116 3416 Deos
1134 3343 1241 3438 pium,

201 3458 288 3529 etin
305 3481 346 3530 eo
365 3461 516 3552 quodad
536 3480 647 3530 mores
670 3468 816 3552 spectat,
838 3481 1007 3530 summam
1030 3458 1243 3552 prudentiam

200 3595 242 3644 ac
268 3576 454 3646 solertiam.

249 3689 409 3760 Nondum
436 3690 479 3761 de
501 3688 602 3761 Julio
625 3689 727 3760 Cano
746 3689 908 3780 diximus,
939 3689 1121 3762 fortissimo
1153 3690 1420 3777 virdomarium

201 3806 258 3898 qui
279 3805 393 3877 aCaio
416 3804 549 3878 Caesare
561 3807 755 3878 interlectos
767 3814 831 3876 est.
849 3804 939 3875 Nihil
956 3804 1000 3875 de
1012 3805 1077 3877 hoc
1094 3826 1242 3898 comper·

202 3930 288 4006 tum,
312 3920 377 3991 nisi
401 3920 495 4013 quod
516 3921 642 3994 Seneca
660 3921 695 3992 in
719 3921 792 3992 loco
816 3919 992 3993 notissimo
1009 3921 1240 3992 memoravit:

238 4131 245 4159 ¹
264 4135 365 4184 Arrlan.
379 4153 397 4197 1,
417 4137 443 4184 t.

236 4219 246 4248 ²
265 4223 323 4273 Arr.
335 4241 356 4286 r,
371 4225 398 4272 ¹1.

236 4309 246 4339 ³
263 4311 366 4361 Arrlan.
381 4328 420 4374 ιιι,
435 4309 462 4360 o.

238 4397 247 4427 ⁴
266 4393 336 4452 Ibt‘d.
350 4417 388 4463 ur,
405 4400 450 4450 15.
