<?xml version="1.0" encoding="UTF-8"?>
<!DOCTYPE html PUBLIC "-//W3C//DTD XHTML 1.0 Transitional//EN"
    "http://www.w3.org/TR/xhtml1/DTD/xhtml1-transitional.dtd">
<html xmlns="http://www.w3.org/1999/xhtml" xml:lang="en" lang="en">
 <head>
  <title>
</title>
<meta http-equiv="Content-Type" content="text/html;charset=utf-8" />
  <meta name='ocr-system' content='tesseract 3.04.00' />
  <meta name='ocr-capabilities' content='ocr_page ocr_carea ocr_par ocr_line ocrx_word'/>
</head>
<body>
  <div class='ocr_page' id='page_1' title='image "./desapientiaedoc00aubegoog_0132.png"; bbox 0 0 3158 5158; ppageno 0'>
   <div class='ocr_carea' id='block_1_1' title="bbox 691 510 851 568">
    <p class='ocr_par' dir='ltr' id='par_1_1' title="bbox 691 510 851 568">
     <span class='ocr_line' id='line_1_1' title="bbox 691 510 851 568; baseline -0.013 -2"><span class='ocrx_word' id='word_1_1' title='bbox 691 537 726 549; x_wconf 90' lang='lat'><em>-</em></span> <span class='ocrx_word' id='word_1_2' title='bbox 745 510 794 568; x_wconf 72' lang='lat' dir='ltr'>tir</span> <span class='ocrx_word' id='word_1_3' title='bbox 816 537 851 550; x_wconf 90' lang='lat'>·-</span> 
     </span>
    </p>
   </div>
   <div class='ocr_carea' id='block_1_2' title="bbox 251 649 1295 2008">
    <p class='ocr_par' dir='ltr' id='par_1_2' title="bbox 251 649 1295 2008">
     <span class='ocr_line' id='line_1_2' title="bbox 255 649 1292 746; baseline 0.011 -32"><span class='ocrx_word' id='word_1_4' title='bbox 255 675 272 714; x_wconf 82' lang='lat' dir='ltr'>n</span> <span class='ocrx_word' id='word_1_5' title='bbox 301 649 421 720; x_wconf 88' lang='lat' dir='ltr'>hurum</span> <span class='ocrx_word' id='word_1_6' title='bbox 442 650 564 720; x_wconf 85' lang='lat' dir='ltr'>artium</span> <span class='ocrx_word' id='word_1_7' title='bbox 589 651 685 720; x_wconf 80' lang='lat' dir='ltr'>multi</span> <span class='ocrx_word' id='word_1_8' title='bbox 707 652 862 745; x_wconf 86' lang='lat' dir='ltr'>discipuli</span> <span class='ocrx_word' id='word_1_9' title='bbox 884 661 981 738; x_wconf 88' lang='lat' dir='ltr'>suut,</span> <span class='ocrx_word' id='word_1_10' title='bbox 1017 653 1181 746; x_wconf 86' lang='lat' dir='ltr'>multique</span> <span class='ocrx_word' id='word_1_11' title='bbox 1212 654 1292 724; x_wconf 89' lang='lat' dir='ltr'>doc-</span> 
     </span>
     <span class='ocr_line' id='line_1_3' title="bbox 256 763 1292 859; baseline 0.006 -26"><span class='ocrx_word' id='word_1_12' title='bbox 256 793 272 826; x_wconf 87' lang='lat'>»</span> <span class='ocrx_word' id='word_1_13' title='bbox 302 773 436 834; x_wconf 84' lang='lat' dir='ltr'>tores...</span> <span class='ocrx_word' id='word_1_14' title='bbox 466 763 691 859; x_wconf 75' lang='lat' dir='ltr'>Philosophiae</span> <span class='ocrx_word' id='word_1_15' title='bbox 716 766 808 834; x_wconf 84' lang='lat' dir='ltr'>uuita</span> <span class='ocrx_word' id='word_1_16' title='bbox 836 787 918 834; x_wconf 86' lang='lat' dir='ltr'>cura</span> <span class='ocrx_word' id='word_1_17' title='bbox 949 766 1034 836; x_wconf 86' lang='lat' dir='ltr'>est¹.</span> <span class='ocrx_word' id='word_1_18' title='bbox 1060 795 1077 830; x_wconf 82' lang='lat'>&gt;›</span> <span class='ocrx_word' id='word_1_19' title='bbox 1103 807 1149 820; x_wconf 90' lang='lat'>-</span> <span class='ocrx_word' id='word_1_20' title='bbox 1172 768 1292 838; x_wconf 81' lang='lat' dir='ltr'>Fessus</span> 
     </span>
     <span class='ocr_line' id='line_1_4' title="bbox 253 881 1292 974; baseline 0.006 -27"><span class='ocrx_word' id='word_1_21' title='bbox 253 881 368 969; x_wconf 82' lang='lat' dir='ltr'>igitur,</span> <span class='ocrx_word' id='word_1_22' title='bbox 384 890 422 949; x_wconf 90' lang='lat' dir='ltr'>ut</span> <span class='ocrx_word' id='word_1_23' title='bbox 435 881 531 968; x_wconf 87' lang='lat' dir='ltr'>solet,</span> <span class='ocrx_word' id='word_1_24' title='bbox 548 881 718 952; x_wconf 82' lang='lat' dir='ltr'>humanus</span> <span class='ocrx_word' id='word_1_25' title='bbox 730 881 877 964; x_wconf 81' lang='lat' dir='ltr'>euimuS,</span> <span class='ocrx_word' id='word_1_26' title='bbox 892 889 925 951; x_wconf 89' lang='lat' dir='ltr'>et</span> <span class='ocrx_word' id='word_1_27' title='bbox 938 881 1097 969; x_wconf 89' lang='lat' dir='ltr'>miseriis,</span> <span class='ocrx_word' id='word_1_28' title='bbox 1112 905 1205 974; x_wconf 85' lang='lat' dir='ltr'>queo,</span> <span class='ocrx_word' id='word_1_29' title='bbox 1225 885 1292 953; x_wconf 92' lang='lat' dir='ltr'>Ne·</span> 
     </span>
     <span class='ocr_line' id='line_1_5' title="bbox 251 995 1292 1090; baseline 0.004 -27"><span class='ocrx_word' id='word_1_30' title='bbox 251 1016 334 1065; x_wconf 91' lang='lat' dir='ltr'>rone</span> <span class='ocrx_word' id='word_1_31' title='bbox 353 995 532 1083; x_wconf 76' lang='lat' dir='ltr'>saeviente,</span> <span class='ocrx_word' id='word_1_32' title='bbox 558 997 592 1065; x_wconf 91' lang='lat' dir='ltr'>in</span> <span class='ocrx_word' id='word_1_33' title='bbox 613 995 778 1089; x_wconf 91' lang='lat' dir='ltr'>optimum</span> <span class='ocrx_word' id='word_1_34' title='bbox 801 1017 971 1088; x_wconf 90' lang='lat' dir='ltr'>quemque</span> <span class='ocrx_word' id='word_1_35' title='bbox 993 995 1172 1087; x_wconf 79' lang='lat' dir='ltr'>ingruere,</span> <span class='ocrx_word' id='word_1_36' title='bbox 1195 998 1292 1090; x_wconf 81' lang='lat' dir='ltr'>quusi</span> 
     </span>
     <span class='ocr_line' id='line_1_6' title="bbox 251 1110 1292 1205; baseline 0.003 -26"><span class='ocrx_word' id='word_1_37' title='bbox 251 1112 427 1202; x_wconf 80' lang='lat' dir='ltr'>perculsus</span> <span class='ocrx_word' id='word_1_38' title='bbox 450 1132 490 1181; x_wconf 85' lang='lat' dir='ltr'>ac</span> <span class='ocrx_word' id='word_1_39' title='bbox 514 1113 738 1204; x_wconf 77' lang='lat' dir='ltr'>prostratus2‚</span> <span class='ocrx_word' id='word_1_40' title='bbox 759 1110 930 1204; x_wconf 82' lang='lat' dir='ltr'>paulisper</span> <span class='ocrx_word' id='word_1_41' title='bbox 950 1132 971 1181; x_wconf 82' lang='lat' dir='ltr'><strong>a</strong></span> <span class='ocrx_word' id='word_1_42' title='bbox 991 1110 1104 1183; x_wconf 84' lang='lat' dir='ltr'>studio</span> <span class='ocrx_word' id='word_1_43' title='bbox 1116 1113 1292 1205; x_wconf 77' lang='lat' dir='ltr'>sapienties</span> 
     </span>
     <span class='ocr_line' id='line_1_7' title="bbox 251 1225 1293 1318; baseline 0.002 -25"><span class='ocrx_word' id='word_1_44' title='bbox 251 1225 489 1318; x_wconf 88' lang='lat' dir='ltr'>interquievit,</span> <span class='ocrx_word' id='word_1_45' title='bbox 516 1227 623 1298; x_wconf 93' lang='lat' dir='ltr'>donec</span> <span class='ocrx_word' id='word_1_46' title='bbox 646 1227 771 1297; x_wconf 84' lang='lat' dir='ltr'>fractas</span> <span class='ocrx_word' id='word_1_47' title='bbox 795 1227 886 1296; x_wconf 90' lang='lat' dir='ltr'>vires</span> <span class='ocrx_word' id='word_1_48' title='bbox 904 1236 1026 1296; x_wconf 83' lang='lat' dir='ltr'>natura</span> <span class='ocrx_word' id='word_1_49' title='bbox 1049 1236 1293 1298; x_wconf 82' lang='lat' dir='ltr'>resumeretet</span> 
     </span>
     <span class='ocr_line' id='line_1_8' title="bbox 251 1340 1293 1434; baseline 0.001 -26"><span class='ocrx_word' id='word_1_50' title='bbox 251 1361 342 1412; x_wconf 84' lang='lat' dir='ltr'>nova</span> <span class='ocrx_word' id='word_1_51' title='bbox 368 1340 569 1434; x_wconf 79' lang='lat' dir='ltr'>produceret</span> <span class='ocrx_word' id='word_1_52' title='bbox 592 1340 741 1430; x_wconf 82' lang='lat' dir='ltr'>ingenie.</span> <span class='ocrx_word' id='word_1_53' title='bbox 770 1341 851 1411; x_wconf 86' lang='lat' dir='ltr'>Mox</span> <span class='ocrx_word' id='word_1_54' title='bbox 882 1340 985 1430; x_wconf 91' lang='lat' dir='ltr'>enim,</span> <span class='ocrx_word' id='word_1_55' title='bbox 1020 1342 1194 1434; x_wconf 73' lang='lat' dir='ltr'>sapientiae</span> <span class='ocrx_word' id='word_1_56' title='bbox 1224 1352 1293 1410; x_wconf 93' lang='lat' dir='ltr'>stu·</span> 
     </span>
     <span class='ocr_line' id='line_1_9' title="bbox 251 1455 1289 1549; baseline 0.003 -25"><span class='ocrx_word' id='word_1_57' title='bbox 251 1455 359 1544; x_wconf 90' lang='lat' dir='ltr'>dium,</span> <span class='ocrx_word' id='word_1_58' title='bbox 383 1477 444 1549; x_wconf 88' lang='lat' dir='ltr'>per</span> <span class='ocrx_word' id='word_1_59' title='bbox 469 1456 600 1549; x_wconf 86' lang='lat' dir='ltr'>aliquos</span> <span class='ocrx_word' id='word_1_60' title='bbox 626 1477 734 1526; x_wconf 88' lang='lat' dir='ltr'>annos</span> <span class='ocrx_word' id='word_1_61' title='bbox 763 1455 991 1527; x_wconf 88' lang='lat' dir='ltr'>intermissum</span> <span class='ocrx_word' id='word_1_62' title='bbox 1017 1468 1076 1526; x_wconf 83' lang='lat' dir='ltr'>eut</span> <span class='ocrx_word' id='word_1_63' title='bbox 1098 1458 1289 1540; x_wconf 89' lang='lat' dir='ltr'>remissum,</span> 
     </span>
     <span class='ocr_line' id='line_1_10' title="bbox 251 1571 1295 1666; baseline 0.003 -27"><span class='ocrx_word' id='word_1_64' title='bbox 251 1571 404 1642; x_wconf 86' lang='lat' dir='ltr'>redivivo</span> <span class='ocrx_word' id='word_1_65' title='bbox 422 1571 561 1666; x_wconf 89' lang='lat' dir='ltr'>impetu,</span> <span class='ocrx_word' id='word_1_66' title='bbox 581 1572 795 1657; x_wconf 78' lang='lat' dir='ltr'>exsurrexit,</span> <span class='ocrx_word' id='word_1_67' title='bbox 817 1571 1034 1642; x_wconf 85' lang='lat' dir='ltr'>affluentibus</span> <span class='ocrx_word' id='word_1_68' title='bbox 1047 1584 1210 1665; x_wconf 86' lang='lat' dir='ltr'>perpetuo</span> <span class='ocrx_word' id='word_1_69' title='bbox 1225 1574 1295 1643; x_wconf 87' lang='lat' dir='ltr'>Ro·</span> 
     </span>
     <span class='ocr_line' id='line_1_11' title="bbox 253 1685 1294 1779; baseline 0.002 -24"><span class='ocrx_word' id='word_1_70' title='bbox 253 1707 344 1756; x_wconf 81' lang='lat' dir='ltr'>mam</span> <span class='ocrx_word' id='word_1_71' title='bbox 358 1708 403 1756; x_wconf 83' lang='lat' dir='ltr'>ex</span> <span class='ocrx_word' id='word_1_72' title='bbox 422 1686 513 1756; x_wconf 92' lang='lat' dir='ltr'>omni</span> <span class='ocrx_word' id='word_1_73' title='bbox 528 1686 620 1759; x_wconf 90' lang='lat' dir='ltr'>orbis</span> <span class='ocrx_word' id='word_1_74' title='bbox 637 1696 731 1778; x_wconf 85' lang='lat' dir='ltr'>parte</span> <span class='ocrx_word' id='word_1_75' title='bbox 754 1685 938 1777; x_wconf 65' lang='lat' dir='ltr'>magistris</span> <span class='ocrx_word' id='word_1_76' title='bbox 964 1695 1066 1779; x_wconf 84' lang='lat' dir='ltr'>utque</span> <span class='ocrx_word' id='word_1_77' title='bbox 1085 1687 1144 1756; x_wconf 91' lang='lat' dir='ltr'>ubi</span> <span class='ocrx_word' id='word_1_78' title='bbox 1164 1686 1294 1757; x_wconf 73' lang='lat' dir='ltr'>laetiore</span> 
     </span>
     <span class='ocr_line' id='line_1_12' title="bbox 253 1801 1292 1896; baseline -0.002 -24"><span class='ocrx_word' id='word_1_79' title='bbox 253 1811 405 1896; x_wconf 82' lang='lat' dir='ltr'>tempora</span> <span class='ocrx_word' id='word_1_80' title='bbox 429 1825 466 1872; x_wconf 91' lang='lat' dir='ltr'>se</span> <span class='ocrx_word' id='word_1_81' title='bbox 491 1802 669 1886; x_wconf 90' lang='lat' dir='ltr'>dederunt,</span> <span class='ocrx_word' id='word_1_82' title='bbox 700 1811 785 1873; x_wconf 80' lang='lat' dir='ltr'>oetas</span> <span class='ocrx_word' id='word_1_83' title='bbox 805 1823 886 1894; x_wconf 78' lang='lat' dir='ltr'>queo</span> <span class='ocrx_word' id='word_1_84' title='bbox 907 1813 1020 1873; x_wconf 85' lang='lat' dir='ltr'>secute</span> <span class='ocrx_word' id='word_1_85' title='bbox 1048 1811 1184 1873; x_wconf 90' lang='lat' dir='ltr'>estnec</span> <span class='ocrx_word' id='word_1_86' title='bbox 1208 1801 1259 1870; x_wconf 92' lang='lat' dir='ltr'>ini</span> <span class='ocrx_word' id='word_1_87' title='bbox 1279 1839 1292 1852; x_wconf 93' lang='lat'><strong>·</strong></span> 
     </span>
     <span class='ocr_line' id='line_1_13' title="bbox 252 1916 690 2008; baseline 0 -22"><span class='ocrx_word' id='word_1_88' title='bbox 252 1916 364 1987; x_wconf 84' lang='lat' dir='ltr'>cunda</span> <span class='ocrx_word' id='word_1_89' title='bbox 374 1938 437 1987; x_wconf 92' lang='lat' dir='ltr'>nec</span> <span class='ocrx_word' id='word_1_90' title='bbox 451 1917 596 2008; x_wconf 82' lang='lat' dir='ltr'>ingloria</span> <span class='ocrx_word' id='word_1_91' title='bbox 614 1917 690 1986; x_wconf 88' lang='lat' dir='ltr'>iuit.</span> 
     </span>
    </p>
   </div>
   <div class='ocr_carea' id='block_1_3' title="bbox 241 2221 1342 4042">
    <p class='ocr_par' dir='ltr' id='par_1_3' title="bbox 241 2221 1047 2292">
     <span class='ocr_line' id='line_1_14' title="bbox 241 2221 1047 2292; baseline 0.001 -3"><span class='ocrx_word' id='word_1_92' title='bbox 241 2245 244 2252; x_wconf 64' lang='grc'><em>’</em></span> <span class='ocrx_word' id='word_1_93' title='bbox 302 2221 384 2291; x_wconf 85' lang='lat' dir='ltr'>Haec</span> <span class='ocrx_word' id='word_1_94' title='bbox 402 2229 516 2292; x_wconf 80' lang='lat' dir='ltr'>autem</span> <span class='ocrx_word' id='word_1_95' title='bbox 531 2221 765 2292; x_wconf 83' lang='lat' dir='ltr'>demonstrare</span> <span class='ocrx_word' id='word_1_96' title='bbox 778 2223 1047 2292; x_wconf 81' lang='lat' dir='ltr'>institueramus</span> 
     </span>
    </p>

    <p class='ocr_par' dir='ltr' id='par_1_4' title="bbox 252 2335 1294 2880">
     <span class='ocr_line' id='line_1_15' title="bbox 301 2335 1293 2430; baseline 0.001 -26"><span class='ocrx_word' id='word_1_97' title='bbox 301 2335 481 2426; x_wconf 86' lang='lat' dir='ltr'>Primum,</span> <span class='ocrx_word' id='word_1_98' title='bbox 508 2337 644 2425; x_wconf 87' lang='lat' dir='ltr'>Multos,</span> <span class='ocrx_word' id='word_1_99' title='bbox 668 2338 804 2406; x_wconf 88' lang='lat' dir='ltr'>ineunte</span> <span class='ocrx_word' id='word_1_100' title='bbox 825 2337 999 2406; x_wconf 74' lang='lat' dir='ltr'>Caesarum</span> <span class='ocrx_word' id='word_1_101' title='bbox 1014 2337 1217 2430; x_wconf 82' lang='lat' dir='ltr'>principatu,</span> <span class='ocrx_word' id='word_1_102' title='bbox 1236 2338 1293 2406; x_wconf 87' lang='lat' dir='ltr'>in-</span> 
     </span>
     <span class='ocr_line' id='line_1_16' title="bbox 253 2450 1294 2545; baseline 0.002 -25"><span class='ocrx_word' id='word_1_103' title='bbox 253 2450 364 2542; x_wconf 76' lang='lat' dir='ltr'>signes</span> <span class='ocrx_word' id='word_1_104' title='bbox 376 2473 512 2542; x_wconf 81' lang='lat' dir='ltr'>genere,</span> <span class='ocrx_word' id='word_1_105' title='bbox 530 2451 678 2543; x_wconf 81' lang='lat' dir='ltr'>ingenio,</span> <span class='ocrx_word' id='word_1_106' title='bbox 692 2451 854 2542; x_wconf 76' lang='lat' dir='ltr'>gratiaco</span> <span class='ocrx_word' id='word_1_107' title='bbox 871 2451 1019 2544; x_wconf 84' lang='lat' dir='ltr'>potentie</span> <span class='ocrx_word' id='word_1_108' title='bbox 1042 2451 1134 2521; x_wconf 90' lang='lat' dir='ltr'>viros</span> <span class='ocrx_word' id='word_1_109' title='bbox 1145 2452 1294 2545; x_wconf 87' lang='lat' dir='ltr'>philoso-</span> 
     </span>
     <span class='ocr_line' id='line_1_17' title="bbox 252 2566 1291 2661; baseline 0.002 -24"><span class='ocrx_word' id='word_1_110' title='bbox 252 2566 343 2659; x_wconf 88' lang='lat' dir='ltr'>phiae</span> <span class='ocrx_word' id='word_1_111' title='bbox 373 2567 543 2638; x_wconf 74' lang='lat' dir='ltr'>studuisse</span> <span class='ocrx_word' id='word_1_112' title='bbox 578 2593 585 2634; x_wconf 90' lang='lat'>:</span> <span class='ocrx_word' id='word_1_113' title='bbox 621 2569 726 2659; x_wconf 88' lang='lat' dir='ltr'>quod,</span> <span class='ocrx_word' id='word_1_114' title='bbox 764 2568 874 2638; x_wconf 85' lang='lat' dir='ltr'>allatis</span> <span class='ocrx_word' id='word_1_115' title='bbox 901 2577 1078 2661; x_wconf 82' lang='lat' dir='ltr'>poetarum</span> <span class='ocrx_word' id='word_1_116' title='bbox 1110 2569 1291 2661; x_wconf 85' lang='lat' dir='ltr'>operibus,</span> 
     </span>
     <span class='ocr_line' id='line_1_18' title="bbox 253 2683 1294 2776; baseline 0.001 -25"><span class='ocrx_word' id='word_1_117' title='bbox 253 2683 540 2776; x_wconf 87' lang='lat' dir='ltr'>scriptoribusque</span> <span class='ocrx_word' id='word_1_118' title='bbox 559 2705 672 2753; x_wconf 91' lang='lat' dir='ltr'>rerum</span> <span class='ocrx_word' id='word_1_119' title='bbox 695 2705 914 2754; x_wconf 77' lang='lat' dir='ltr'>romanorum</span> <span class='ocrx_word' id='word_1_120' title='bbox 936 2684 969 2753; x_wconf 90' lang='lat' dir='ltr'>in</span> <span class='ocrx_word' id='word_1_121' title='bbox 994 2683 1222 2756; x_wconf 87' lang='lat' dir='ltr'>testimouium</span> <span class='ocrx_word' id='word_1_122' title='bbox 1246 2685 1294 2755; x_wconf 90' lang='lat' dir='ltr'>rei</span> 
     </span>
     <span class='ocr_line' id='line_1_19' title="bbox 253 2797 732 2880; baseline 0.004 -14"><span class='ocrx_word' id='word_1_123' title='bbox 253 2797 425 2880; x_wconf 81' lang='lat' dir='ltr'>adhibitis,</span> <span class='ocrx_word' id='word_1_124' title='bbox 442 2798 732 2868; x_wconf 75' lang='lat' dir='ltr'>confirmavimus,</span> 
     </span>
    </p>

    <p class='ocr_par' dir='ltr' id='par_1_5' title="bbox 252 2908 1296 3560">
     <span class='ocr_line' id='line_1_20' title="bbox 302 2908 1296 3005; baseline 0.004 -24"><span class='ocrx_word' id='word_1_125' title='bbox 302 2908 457 2998; x_wconf 84' lang='lat' dir='ltr'>Deinde,</span> <span class='ocrx_word' id='word_1_126' title='bbox 479 2912 619 2982; x_wconf 86' lang='lat' dir='ltr'>Scholos</span> <span class='ocrx_word' id='word_1_127' title='bbox 644 2915 760 2983; x_wconf 77' lang='lat' dir='ltr'>Romae</span> <span class='ocrx_word' id='word_1_128' title='bbox 781 2916 983 3004; x_wconf 65' lang='lat' dir='ltr'>complures</span> <span class='ocrx_word' id='word_1_129' title='bbox 1010 2925 1044 2984; x_wconf 88' lang='lat' dir='ltr'>et</span> <span class='ocrx_word' id='word_1_130' title='bbox 1069 2936 1194 3005; x_wconf 77' lang='lat' dir='ltr'>magna</span> <span class='ocrx_word' id='word_1_131' title='bbox 1212 2915 1296 2985; x_wconf 87' lang='lat' dir='ltr'>ceie-</span> 
     </span>
     <span class='ocr_line' id='line_1_21' title="bbox 253 3026 1295 3121; baseline -0.001 -21"><span class='ocrx_word' id='word_1_132' title='bbox 253 3027 375 3100; x_wconf 83' lang='lat' dir='ltr'>britate</span> <span class='ocrx_word' id='word_1_133' title='bbox 388 3026 530 3110; x_wconf 76' lang='lat' dir='ltr'>nobiieS,</span> <span class='ocrx_word' id='word_1_134' title='bbox 543 3026 712 3097; x_wconf 86' lang='lat' dir='ltr'>institutas</span> <span class='ocrx_word' id='word_1_135' title='bbox 732 3027 855 3115; x_wconf 73' lang='lat' dir='ltr'>inisse,</span> <span class='ocrx_word' id='word_1_136' title='bbox 872 3030 1101 3119; x_wconf 90' lang='lat' dir='ltr'>Doctoresque</span> <span class='ocrx_word' id='word_1_137' title='bbox 1119 3029 1295 3121; x_wconf 76' lang='lat' dir='ltr'>sapientiae</span> 
     </span>
     <span class='ocr_line' id='line_1_22' title="bbox 252 3143 1296 3230; baseline -0.002 -14"><span class='ocrx_word' id='word_1_138' title='bbox 252 3143 471 3230; x_wconf 81' lang='lat' dir='ltr'>durissimos,</span> <span class='ocrx_word' id='word_1_139' title='bbox 500 3165 576 3211; x_wconf 86' lang='lat' dir='ltr'>curn</span> <span class='ocrx_word' id='word_1_140' title='bbox 597 3143 749 3212; x_wconf 85' lang='lat' dir='ltr'>maximo</span> <span class='ocrx_word' id='word_1_141' title='bbox 776 3164 941 3213; x_wconf 84' lang='lat' dir='ltr'>concursu</span> <span class='ocrx_word' id='word_1_142' title='bbox 960 3152 994 3212; x_wconf 90' lang='lat' dir='ltr'>et</span> <span class='ocrx_word' id='word_1_143' title='bbox 1017 3143 1192 3213; x_wconf 90' lang='lat' dir='ltr'>homiuum</span> <span class='ocrx_word' id='word_1_144' title='bbox 1215 3143 1296 3214; x_wconf 84' lang='lat' dir='ltr'>ado-</span> 
     </span>
     <span class='ocr_line' id='line_1_23' title="bbox 253 3256 1295 3352; baseline 0 -24"><span class='ocrx_word' id='word_1_145' title='bbox 253 3259 449 3331; x_wconf 88' lang='lat' dir='ltr'>lescentium</span> <span class='ocrx_word' id='word_1_146' title='bbox 468 3258 597 3343; x_wconf 83' lang='lat' dir='ltr'>favore,</span> <span class='ocrx_word' id='word_1_147' title='bbox 617 3256 880 3350; x_wconf 80' lang='lat' dir='ltr'>philosophiam,</span> <span class='ocrx_word' id='word_1_148' title='bbox 904 3257 1053 3328; x_wconf 84' lang='lat' dir='ltr'>admisso</span> <span class='ocrx_word' id='word_1_149' title='bbox 1070 3259 1213 3352; x_wconf 86' lang='lat' dir='ltr'>populo,</span> <span class='ocrx_word' id='word_1_150' title='bbox 1229 3259 1295 3328; x_wconf 89' lang='lat' dir='ltr'>do-</span> 
     </span>
     <span class='ocr_line' id='line_1_24' title="bbox 254 3372 1295 3465; baseline 0 -21"><span class='ocrx_word' id='word_1_151' title='bbox 254 3375 394 3445; x_wconf 87' lang='lat' dir='ltr'>cuisse:</span> <span class='ocrx_word' id='word_1_152' title='bbox 424 3374 511 3443; x_wconf 93' lang='lat' dir='ltr'>inter</span> <span class='ocrx_word' id='word_1_153' title='bbox 538 3393 625 3465; x_wconf 91' lang='lat' dir='ltr'>quos</span> <span class='ocrx_word' id='word_1_154' title='bbox 650 3372 797 3459; x_wconf 85' lang='lat' dir='ltr'>Sextios,</span> <span class='ocrx_word' id='word_1_155' title='bbox 825 3373 1011 3460; x_wconf 80' lang='lat' dir='ltr'>Sotionem,</span> <span class='ocrx_word' id='word_1_156' title='bbox 1037 3372 1202 3458; x_wconf 83' lang='lat' dir='ltr'>Attalum,</span> <span class='ocrx_word' id='word_1_157' title='bbox 1232 3374 1295 3444; x_wconf 84' lang='lat' dir='ltr'>Fe·</span> 
     </span>
     <span class='ocr_line' id='line_1_25' title="bbox 254 3488 829 3560; baseline -0.005 -1"><span class='ocrx_word' id='word_1_158' title='bbox 254 3488 394 3560; x_wconf 81' lang='lat' dir='ltr'>bianum</span> <span class='ocrx_word' id='word_1_159' title='bbox 407 3488 589 3560; x_wconf 90' lang='lat' dir='ltr'>eminuisse</span> <span class='ocrx_word' id='word_1_160' title='bbox 606 3488 829 3558; x_wconf 88' lang='lat' dir='ltr'>ostendimus.</span> 
     </span>
    </p>

    <p class='ocr_par' dir='ltr' id='par_1_6' title="bbox 253 3602 1342 4042">
     <span class='ocr_line' id='line_1_26' title="bbox 303 3602 1342 3699; baseline -0.001 -25"><span class='ocrx_word' id='word_1_161' title='bbox 303 3605 502 3692; x_wconf 66' lang='lat' dir='ltr'>Praeterea,</span> <span class='ocrx_word' id='word_1_162' title='bbox 518 3605 707 3674; x_wconf 82' lang='lat' dir='ltr'>Romanam</span> <span class='ocrx_word' id='word_1_163' title='bbox 723 3603 824 3674; x_wconf 87' lang='lat' dir='ltr'>inisse</span> <span class='ocrx_word' id='word_1_164' title='bbox 838 3602 1097 3699; x_wconf 85' lang='lat' dir='ltr'>philosophandi</span> <span class='ocrx_word' id='word_1_165' title='bbox 1114 3603 1291 3691; x_wconf 84' lang='lat' dir='ltr'>rationem,</span> <span class='ocrx_word' id='word_1_166' title='bbox 1340 3679 1342 3683; x_wconf 58' lang='grc'>,</span> 
     </span>
     <span class='ocr_line' id='line_1_27' title="bbox 253 3719 1291 3813; baseline -0.003 -22"><span class='ocrx_word' id='word_1_167' title='bbox 253 3743 345 3813; x_wconf 86' lang='lat' dir='ltr'>quae,</span> <span class='ocrx_word' id='word_1_168' title='bbox 367 3743 444 3791; x_wconf 92' lang='lat' dir='ltr'>cum</span> <span class='ocrx_word' id='word_1_169' title='bbox 462 3721 615 3791; x_wconf 84' lang='lat' dir='ltr'>doctriua</span> <span class='ocrx_word' id='word_1_170' title='bbox 630 3720 878 3813; x_wconf 76' lang='lat' dir='ltr'>praeceptisque</span> <span class='ocrx_word' id='word_1_171' title='bbox 894 3719 1089 3792; x_wconf 84' lang='lat' dir='ltr'>Graecorum</span> <span class='ocrx_word' id='word_1_172' title='bbox 1110 3727 1291 3807; x_wconf 77' lang='lat' dir='ltr'>constaret,</span> 
     </span>
     <span class='ocr_line' id='line_1_28' title="bbox 254 3832 1295 3920; baseline 0 -14"><span class='ocrx_word' id='word_1_173' title='bbox 254 3847 366 3907; x_wconf 83' lang='lat' dir='ltr'>temen</span> <span class='ocrx_word' id='word_1_174' title='bbox 386 3836 615 3907; x_wconf 83' lang='lat' dir='ltr'>Romanorum</span> <span class='ocrx_word' id='word_1_175' title='bbox 633 3855 758 3913; x_wconf 82' lang='lat' dir='ltr'>mores,</span> <span class='ocrx_word' id='word_1_176' title='bbox 786 3833 911 3920; x_wconf 86' lang='lat' dir='ltr'>studia,</span> <span class='ocrx_word' id='word_1_177' title='bbox 933 3833 1087 3904; x_wconf 86' lang='lat' dir='ltr'>instituta</span> <span class='ocrx_word' id='word_1_178' title='bbox 1110 3835 1205 3920; x_wconf 83' lang='lat' dir='ltr'>vites,</span> <span class='ocrx_word' id='word_1_179' title='bbox 1225 3832 1295 3906; x_wconf 89' lang='lat' dir='ltr'>elo·</span> 
     </span>
     <span class='ocr_line' id='line_1_29' title="bbox 253 3948 1295 4042; baseline -0.003 -22"><span class='ocrx_word' id='word_1_180' title='bbox 253 3951 425 4041; x_wconf 87' lang='lat' dir='ltr'>quentiam</span> <span class='ocrx_word' id='word_1_181' title='bbox 443 3952 584 4022; x_wconf 75' lang='lat' dir='ltr'>referret</span> <span class='ocrx_word' id='word_1_182' title='bbox 606 3975 615 4018; x_wconf 80' lang='lat' dir='ltr'>t</span> <span class='ocrx_word' id='word_1_183' title='bbox 641 3949 739 4040; x_wconf 86' lang='lat' dir='ltr'>cujus</span> <span class='ocrx_word' id='word_1_184' title='bbox 762 3949 811 4020; x_wconf 89' lang='lat' dir='ltr'>rei</span> <span class='ocrx_word' id='word_1_185' title='bbox 837 3958 1051 4040; x_wconf 82' lang='lat' dir='ltr'>argumenta,</span> <span class='ocrx_word' id='word_1_186' title='bbox 1072 3948 1295 4042; x_wconf 79' lang='lat' dir='ltr'>exoperibus</span> 
     </span>
    </p>
   </div>
   <div class='ocr_carea' id='block_1_4' title="bbox 254 4168 1294 4500">
    <p class='ocr_par' dir='ltr' id='par_1_7' title="bbox 292 4169 537 4231">
     <span class='ocr_line' id='line_1_30' title="bbox 292 4169 537 4231; baseline -0.008 -8"><span class='ocrx_word' id='word_1_187' title='bbox 292 4169 298 4196; x_wconf 81' lang='lat'>¹</span> <span class='ocrx_word' id='word_1_188' title='bbox 341 4207 347 4219; x_wconf 86' lang='lat'><strong>·</strong></span> <span class='ocrx_word' id='word_1_189' title='bbox 360 4174 419 4223; x_wconf 71' lang='lat' dir='ltr'>Mt.</span> <span class='ocrx_word' id='word_1_190' title='bbox 435 4190 480 4231; x_wconf 82' lang='lat' dir='ltr'>vri,</span> <span class='ocrx_word' id='word_1_191' title='bbox 492 4171 537 4221; x_wconf 71' lang='lat'>52.</span> 
     </span>
    </p>

    <p class='ocr_par' dir='ltr' id='par_1_8' title="bbox 254 4168 1294 4500">
     <span class='ocr_line' id='line_1_31' title="bbox 290 4168 1294 4322; baseline -0.004 -12"><span class='ocrx_word' id='word_1_192' title='bbox 290 4257 299 4286; x_wconf 85' lang='lat'>²</span> <span class='ocrx_word' id='word_1_193' title='bbox 309 4168 374 4310; x_wconf 52' lang='grc' dir='ltr'>είᾱο</span> <span class='ocrx_word' id='word_1_194' title='bbox 385 4265 441 4322; x_wconf 83' lang='lat' dir='ltr'>post</span> <span class='ocrx_word' id='word_1_195' title='bbox 450 4261 553 4309; x_wconf 67' lang='lat' dir='ltr'>Seneca</span> <span class='ocrx_word' id='word_1_196' title='bbox 566 4266 684 4322; x_wconf 84' lang='lat' dir='ltr'>mortem,</span> <span class='ocrx_word' id='word_1_197' title='bbox 693 4256 766 4309; x_wconf 77' lang='lat' dir='ltr'>Ano.</span> <span class='ocrx_word' id='word_1_198' title='bbox 777 4279 821 4317; x_wconf 79' lang='lat' dir='ltr'>xv,</span> <span class='ocrx_word' id='word_1_199' title='bbox 835 4259 877 4307; x_wconf 80' lang='grc'>71.</span> <span class='ocrx_word' id='word_1_200' title='bbox 888 4284 920 4294; x_wconf 91' lang='grc'>-</span> <span class='ocrx_word' id='word_1_201' title='bbox 931 4259 1091 4309; x_wconf 70' lang='lat' dir='ltr'>«Trucidatis</span> <span class='ocrx_word' id='word_1_202' title='bbox 1104 4263 1141 4309; x_wconf 81' lang='lat' dir='ltr'>tot</span> <span class='ocrx_word' id='word_1_203' title='bbox 1153 4257 1294 4320; x_wconf 76' lang='lat' dir='ltr'>insignibus</span> 
     </span>
     <span class='ocr_line' id='line_1_32' title="bbox 254 4345 1294 4411; baseline -0.006 -11"><span class='ocrx_word' id='word_1_204' title='bbox 254 4350 313 4400; x_wconf 81' lang='lat' dir='ltr'>viris</span> <span class='ocrx_word' id='word_1_205' title='bbox 323 4349 353 4398; x_wconf 83' lang='lat' dir='ltr'>ud</span> <span class='ocrx_word' id='word_1_206' title='bbox 364 4354 520 4410; x_wconf 85' lang='lat' dir='ltr'>postremum</span> <span class='ocrx_word' id='word_1_207' title='bbox 533 4350 600 4399; x_wconf 85' lang='lat' dir='ltr'>Nero</span> <span class='ocrx_word' id='word_1_208' title='bbox 615 4349 732 4400; x_wconf 82' lang='lat' dir='ltr'>virtutem</span> <span class='ocrx_word' id='word_1_209' title='bbox 747 4348 828 4408; x_wconf 78' lang='lat' dir='ltr'>ipsam</span> <span class='ocrx_word' id='word_1_210' title='bbox 839 4348 986 4399; x_wconf 81' lang='lat' dir='ltr'>exscindere</span> <span class='ocrx_word' id='word_1_211' title='bbox 1000 4348 1153 4411; x_wconf 83' lang='lat' dir='ltr'>concupivit,</span> <span class='ocrx_word' id='word_1_212' title='bbox 1162 4345 1294 4396; x_wconf 81' lang='lat' dir='ltr'>interiecto</span> 
     </span>
     <span class='ocr_line' id='line_1_33' title="bbox 254 4435 964 4500; baseline -0.004 -14"><span class='ocrx_word' id='word_1_213' title='bbox 254 4439 362 4488; x_wconf 78' lang='lat' dir='ltr'>Tbruseu</span> <span class='ocrx_word' id='word_1_214' title='bbox 378 4441 446 4487; x_wconf 83' lang='lat' dir='ltr'>Poeto</span> <span class='ocrx_word' id='word_1_215' title='bbox 458 4443 482 4488; x_wconf 86' lang='lat' dir='ltr'>ct</span> <span class='ocrx_word' id='word_1_216' title='bbox 496 4438 572 4488; x_wconf 83' lang='lat' dir='ltr'>Boreo</span> <span class='ocrx_word' id='word_1_217' title='bbox 586 4439 692 4489; x_wconf 81' lang='lat' dir='ltr'>Sorano.</span> <span class='ocrx_word' id='word_1_218' title='bbox 708 4451 723 4485; x_wconf 82' lang='lat' dir='ltr'>n</span> <span class='ocrx_word' id='word_1_219' title='bbox 740 4435 822 4500; x_wconf 80' lang='lat' dir='ltr'>(Anu.</span> <span class='ocrx_word' id='word_1_220' title='bbox 839 4453 892 4500; x_wconf 76' lang='lat' dir='ltr'>xvi,</span> <span class='ocrx_word' id='word_1_221' title='bbox 909 4436 964 4500; x_wconf 75' lang='lat' dir='ltr'>it.)</span> 
     </span>
    </p>
   </div>
   <div class='ocr_carea' id='block_1_5' title="bbox 0 0 1586 5158">
    <p class='ocr_par' dir='ltr' id='par_1_9' title="bbox 0 0 1586 5158">
     <span class='ocr_line' id='line_1_34' title="bbox 0 0 1586 5158; baseline 0 0"><span class='ocrx_word' id='word_1_222' title='bbox 0 0 1586 5158; x_wconf 95' lang='lat' dir='ltr'> </span> 
     </span>
    </p>
   </div>
  </div>
 </body>
</html>
