3158 5158
608 500 749 556 -gq..

18 709 19 720 χ
132 697 134 700 ,
167 624 446 720 philosophorum
460 627 615 695 materia
627 623 834 720 disputandi,
849 644 940 694 nunc
957 645 1036 717 quae
1053 625 1152 698 buerit
1166 625 1202 696 in

18 789 19 796 κ
100 777 102 782 -
163 741 284 814 iisdem
302 739 590 836 disputationibus
604 743 697 810 ratio
716 735 864 811 dicendi
875 760 1114 832 exsequamur.

213 859 364 930 Primum
382 857 527 928 occurrit
541 857 627 929 scire
645 880 741 949 num,
763 875 842 951 quae
865 852 1062 956 disputatio
1083 879 1203 928 cacan

165 969 289 1061 batur,
320 994 367 1042 ea
389 984 482 1042 essct
501 975 617 1043 oratio
644 959 836 1070 perpetua.
862 973 976 1044 Cicero
1000 981 1202 1063 auctorest,

166 1089 247 1159 olim
261 1089 297 1158 in
317 1087 439 1157 scholis
459 1087 751 1183 pbilosophorum,
772 1085 1016 1180 disputantium
1036 1107 1207 1179 quemque

166 1202 348 1274 defendere
363 1203 497 1274 solitum
520 1203 699 1297 essequod
711 1204 783 1297 ipse
802 1203 952 1289 sentiret,
975 1212 1008 1272 et
1026 1211 1208 1295 postquam

167 1317 251 1410 quid
265 1318 309 1388 ab
323 1318 435 1410 aliquo
449 1328 537 1390 esset
550 1305 769 1412 explicatum,
785 1327 902 1390 contra
926 1317 992 1388 dici
1008 1339 1028 1387 a
1046 1317 1165 1387 ceteris
1177 1313 1203 1384 ¹.

168 1431 250 1502 lude
273 1432 322 1502 rei
344 1454 467 1504 nomen
487 1429 742 1532 disputationis
768 1414 921 1504 accessit.
951 1433 1009 1502 Ille
1031 1453 1106 1502 mos
1126 1450 1209 1502 vero

169 1547 328 1636 obsoluit,
347 1550 505 1640 quamvis
523 1551 567 1626 ab
582 1550 752 1622 Arcesilae
767 1559 800 1620 et
817 1551 861 1621 ab
880 1549 954 1644 ipso
973 1549 1130 1621 Cicerone
1149 1547 1211 1619 ali-

170 1673 338 1759 quatenus
356 1673 511 1735 servatus
529 1667 572 1736 sit
590 1668 615 1736 2.
637 1666 756 1756 Igitur,
776 1686 818 1736 eo
837 1674 1001 1758 tempore,
1022 1665 1161 1756 vigebat
1176 1664 1212 1732 in

173 1777 294 1849 scholis
307 1774 506 1873 explicatio
520 1776 691 1876 quoedom
700 1791 888 1876 perpetua,
909 1779 1046 1850 nomine
1059 1779 1209 1870 quidem,

172 1891 322 1962 sednon
344 1912 395 1978 re,
417 1892 611 1986 disputatio
639 1895 725 1964 Nam
747 1893 806 1964 ubi
829 1893 962 1964 auditor
989 1893 1212 1988 quaestionem

171 2017 329 2100 posuerat
356 2005 471 2100 (θετίκα
505 2008 733 2103 dicebantur),
764 2008 945 2101 incipiebat
971 2009 1147 2101 magister,
1180 2017 1215 2079 et

171 2131 335 2215 perpetue
353 2120 551 2212 disserebat,
574 2127 693 2195 ceteris
712 2123 887 2192 silentibus
907 2125 933 2194 ³.
959 2123 1016 2213 At,
1042 2146 1086 2194 ne
1104 2125 1214 2216 ipsam

172 2237 308 2328 quidem
322 2239 546 2326 quaestionem
564 2261 646 2310 mox
660 2239 703 2308 ab
716 2235 927 2308 auditoribus
948 2239 1093 2331 positam
1112 2239 1215 2308 luisse

174 2354 389 2443 crediderim,
407 2355 468 2426 sed
487 2366 640 2448 spontea
658 2354 842 2426 disserente
856 2357 1046 2448 susceptam
1069 2363 1103 2425 et
1120 2355 1216 2426 elec·
1315 2375 1319 2380 ’

175 2479 258 2557 tam,
273 2472 483 2564 arbitrioque
496 2472 569 2562 ejus
583 2471 799 2564 explicatam,
814 2494 917 2563 quam
931 2467 1096 2540 scholam
1108 2491 1216 2542 voca-

176 2585 259 2654 bant
273 2585 299 2653 4.
319 2587 400 2657 lnde
419 2586 474 2656 ille
487 2581 660 2657 disserere
678 2585 786 2656 dictus
798 2597 866 2677 est3
880 2585 959 2655 inde
976 2585 1131 2678 discipuli
1145 2606 1216 2654 cu·

176 2695 308 2769 dilores
324 2701 503 2788 nominati,
524 2700 686 2792 quoniam
702 2699 785 2770 nihil
796 2699 1001 2792 aliudquam
1020 2700 1214 2771 audiebant.

177 2816 276 2899 Quod
289 2827 321 2887 et
335 2818 369 2887 in
389 2839 520 2888 morem
536 2817 710 2888 rhetorum
728 2817 893 2911 ipsorum,
911 2817 1030 2888 eodem
1052 2826 1215 2909 tempore,

178 2933 278 3004 cessit
301 2959 308 2999 :
331 2955 411 3002 nam
430 2934 569 3024 quidam
588 2957 634 3002 ex
652 2933 822 3024 magistris
849 2954 917 3002 non
939 2933 1011 3022 jam
1038 2932 1218 3025 discipulo·

178 3070 255 3119 rum
286 3049 374 3119 dicta
405 3049 575 3139 corrigere
587 3058 620 3118 et
644 3069 783 3138 carpere
805 3048 1028 3139 singulorum,
1054 3047 1115 3116 sed
1136 3045 1220 3116 artis

179 3175 349 3258 praecepta
371 3163 503 3234 tradere
524 3164 632 3234 insius
655 3163 807 3234 solebant
826 3164 851 3231 ⁵.
876 3163 993 3254 Neque
1019 3160 1222 3232 contendero

181 3345 274 3404 nullos,
297 3345 390 3394 multos
410 3343 546 3394 libidinum
567 3355 670 3394 servos:
685 3347 714 3392 ut
734 3355 791 3392 cum
806 3355 893 3393 eorum
908 3342 959 3392 vita
979 3341 1157 3392 miserabiliter
1176 3354 1222 3402 pu-

182 3429 243 3486 gnet
253 3424 341 3474 oratio.
357 3441 370 3468 r>
387 3423 475 3486 (Cicer.
494 3419 571 3474 Tusc.
594 3418 626 3485 Q.
642 3441 671 3484 11,
685 3415 725 3489 4.)

221 3499 226 3526 ¹
242 3497 281 3552 De
295 3497 404 3565 finibus,
415 3503 433 3553 1.
450 3505 485 3567 ΙΙ,
501 3515 523 3552 c.
542 3505 566 3552 l.

220 3579 229 3607 ²
243 3580 282 3634 De
291 3577 379 3650 finib,
394 3584 412 3633 l.
426 3585 460 3646 ll,
472 3583 499 3633 i.
512 3608 546 3620 -
559 3577 658 3646 Quoest.
677 3579 755 3633 Prisc.
771 3601 789 3641 1,
804 3583 831 3634 l.
849 3605 885 3620 -
898 3601 934 3642 iv,
946 3583 1013 3632 1.-
1026 3583 1064 3632 Ex
1077 3580 1223 3644 fragmentis

184 3663 327 3713 Philodami
347 3663 466 3724 suspicari
487 3663 546 3714 iicet
567 3663 703 3725 Epicureos
718 3662 829 3724 Dialogis
842 3667 867 3712 ct
885 3663 965 3724 prisco
981 3661 1125 3726 disputandi
1152 3673 1223 3712 more

185 3745 264 3807 magis
272 3757 346 3806 quam
355 3749 475 3806 perpetua
483 3750 508 3795 et
522 3743 575 3795 lusa
585 3744 700 3795 oratione
718 3755 774 3796 usos
788 3743 879 3802 luisse3
892 3756 950 3791 nrm
965 3743 985 3792 is
999 3747 1125 3793 oratorum
1135 3741 1223 3792 iacun-

187 3825 255 3875 diam
273 3830 298 3875 et
312 3825 453 3874 ubertatem
468 3825 589 3888 increpat,
600 3825 711 3886 dialogos
723 3836 782 3874 vero
796 3822 1010 3886 etdisputationes
1020 3823 1135 3874 laudibus
1147 3823 1225 3872 extol·

187 3903 226 3954 lit.
241 3903 311 3968 (viu.
326 3903 430 3953 Rhetor.
442 3928 476 3940 -
485 3903 534 3952 Ed.
546 3899 632 3968 Gros.)

223 3989 232 4018 ³
244 3977 285 4033 Dc
293 3980 385 4048 finib,
398 3983 415 4032 1.
425 3985 459 4046 it,
472 3984 497 4034 l.
514 3983 584 4040 «Qui
594 3981 708 4044 quesivit
720 3980 825 4042 aliquid,
834 3985 929 4031 tacet...
948 3980 992 4029 ubi
1004 3981 1074 4030 enim
1089 3981 1162 4043 isqui
1181 3994 1225 4030 au·

189 4063 243 4112 dire
253 4064 307 4112 vult
320 4064 355 4114 ita
364 4063 443 4113 dixit:
460 4064 607 4126 «Voluptas
618 4062 681 4111 mibi
693 4061 856 4112 videturesse
871 4073 998 4110 summum
1011 4061 1119 4126 bonum,
1134 4073 1225 4124 perpe·

189 4149 230 4194 tua
240 4143 352 4193 oratione
366 4148 452 4194 contra
466 4143 615 4205 disputatur.
628 4159 640 4188 o

226 4219 234 4249 ⁴
250 4240 263 4266 «
277 4223 315 4271 Ne
327 4235 368 4272 me
383 4228 502 4284 tunquam
511 4224 688 4286 philosophum
698 4223 789 4284 putetis
801 4221 911 4270 scholam
930 4221 1001 4271 vobis
1016 4222 1128 4284 aliquam
1146 4221 1226 4285 expli·

190 4309 302 4355 saturum
311 4316 318 4362 ;
327 4304 392 4365 quod
402 4317 434 4354 ne
443 4303 468 4352 io
482 4305 635 4368 pbilosophis
645 4314 797 4366 magnopere
808 4314 919 4364 unquam
931 4302 1065 4363 probavi.»
1076 4296 1127 4370 (De
1136 4297 1228 4368 finib,

191 4386 210 4436 1.
223 4388 257 4445 11,
272 4399 295 4438 c.
312 4385 347 4444 i.)

229 4464 237 4492 ⁵
256 4469 343 4516 contr.
362 4465 458 4529 1v‚i5.
479 4479 494 4514 u
512 4467 600 4516 Florus
618 4466 744 4536 aiebat-se
760 4477 813 4515 non
820 4459 894 4534 [esse.
903 4464 1067 4530 magistrum,
1082 4461 1126 4514 sed
1146 4475 1230 4515 erein-

1072 4549 1090 4604 6
