3158 5158
223 3181 256 3230 lle
266 3181 351 3230 ratione

220 3237 350 3291 disputandi.

824 391 967 448 ..30-

373 517 520 588 centium
537 517 689 587 instituta
701 537 816 610 graeca
832 517 1081 611 pristinumque
1090 515 1273 588 stoicorum
1285 535 1417 588 morem

372 631 593 719 retinuerant,
608 631 715 720 idest,
728 632 976 722 cavillationes,
993 631 1213 726 sophismata,
1229 631 1419 722 intermga·

372 748 553 836 tiunculas,
569 769 797 841 operosasque
811 749 956 840 ineptias
970 771 1050 840 quae
1064 747 1214 820 Ciceroni
1228 768 1268 818 ac
1280 749 1420 819 Senecae

372 861 475 935 bilem
493 872 642 935 movent.
656 862 710 934 Ad
722 883 809 956 quos
828 864 998 958 praecipue
1017 871 1170 957 spectare
1184 862 1267 932 mihi
1280 863 1421 933 videtur

373 977 509 1050 Senecae
521 979 642 1063 oratic,
654 1001 731 1052 oum
745 981 831 1050 forte
849 979 922 1050 istis
939 979 1071 1073 laqueis
1089 978 1270 1073 implicitus
1289 987 1420 1049 stoma·

373 1093 508 1181 chatur,
526 1117 671 1188 cumque
689 1095 730 1179 Q.
743 1095 849 1168 Sextii
865 1095 971 1189 patris
986 1115 1103 1188 opera,
1117 1104 1151 1164 et
1165 1095 1235 1165 lere
1247 1095 1422 1164 Romano·

374 1232 450 1280 rum
479 1211 584 1281 libros
617 1211 768 1302 captioso
799 1212 864 1280 isto
887 1209 1020 1280 dicendi
1045 1209 1159 1300 generi
1192 1210 1298 1279 multo
1323 1217 1421 1280 ante·

374 1327 470 1420 ponit
483 1325 509 1394 ¹.
528 1327 573 1395 At
584 1347 636 1396 eae
649 1325 847 1397 Graecorum
862 1325 989 1397 scholae
1000 1347 1068 1396 non
1084 1324 1203 1396 eodem
1222 1325 1296 1396 loco
1316 1335 1422 1417 atque

375 1462 525 1513 romanae
537 1441 636 1513 nobis
647 1451 830 1537 ponantur.
850 1442 942 1513 ldem
961 1442 1232 1513 animadvertam
1251 1441 1293 1513 de
1312 1440 1423 1534 philo·

377 1557 493 1651 sophis
505 1558 590 1645 istie,
606 1559 765 1652 pessimae
777 1557 954 1650 notae,qui
973 1557 1175 1650 sapientiam
1187 1557 1317 1648 lingua,
1337 1577 1421 1628 ava·

377 1674 466 1762 ritia,
486 1673 682 1745 libidinibns
700 1674 979 1747 dehonestabant.
996 1673 1074 1744 Non
1089 1672 1132 1743 de
1149 1671 1339 1743 istiusmodi
1356 1673 1423 1742 eir-

377 1789 584 1886 culatoribus
594 1790 629 1858 in
643 1789 709 1861 hoc
726 1790 813 1860 libro
823 1789 948 1882 agitur,
961 1811 1025 1860 nec
1038 1787 1198 1859 laudibus
1212 1788 1419 1876 Sextiorum,

377 1904 498 1993 Attali,
517 1905 656 1976 Fabiani
676 1907 788 1977 labem
806 1906 1025 1999 inspergant,
1048 1905 1210 1995 quoniam
1230 1904 1313 1974 nihil
1334 1905 1423 1975 inter

378 2021 473 2109 istoS,
490 2030 523 2091 et
544 2042 697 2092 romanae
722 2021 897 2114 sapientiae
917 2021 1098 2109 antistites,
1114 2021 1181 2092 nisi
1195 2020 1422 2115 philosophiae

378 2156 515 2221 nomen,
527 2145 779 2207 communeest.
796 2134 1064 2207 Aneminevero
1076 2135 1142 2206 ista
1156 2136 1224 2206 faex
1235 2157 1276 2206 ac
1286 2135 1420 2206 sentina

378 2251 604 2346 philosophiae
629 2253 786 2324 acerbius
809 2253 991 2344 objurgata
1010 2261 1061 2323 est
1074 2273 1179 2344 quam
1203 2253 1248 2323 ab
1263 2252 1346 2346 ipsis
1363 2273 1423 2322 sa-

381 2368 516 2459 pientiae
534 2368 772 2440 sectatoribus.
789 2369 841 2438 Ne
861 2378 893 2438 te
907 2368 1091 2462 adportas,
1103 2368 1175 2440 sive
1187 2368 1232 2439 ad
1249 2368 1420 2454 Plautum,

381 2483 660 2577 Terentiumque,
676 2485 748 2556 sive
757 2484 802 2556 ad
813 2484 988 2555 Horatium
999 2484 1174 2572 reveham,
1187 2483 1419 2577 andi,quaeso‚

380 2599 428 2669 M.
440 2600 646 2687 Ciceronem,
661 2600 740 2670 audi
756 2601 919 2671 Senecam
940 2600 983 2671 de
995 2600 1089 2670 lalsis
1104 2599 1314 2693 philosophis
1333 2621 1424 2693 que-

381 2724 506 2802 rentes,
527 2724 562 2786 et
575 2715 788 2808 Serapiones,
806 2714 995 2803 Aristones,
1019 2715 1238 2787 vehementer
1252 2715 1426 2806 increpan-

381 2841 432 2902 tes
447 2833 474 2901 2.
507 2833 606 2902 Nunc
634 2831 822 2924 flagitiosus
851 2831 1024 2902 Graeculos
1053 2832 1183 2904 Horatii
1217 2831 1424 2924 Lucianiquc

381 2946 753 3040 llagelloverberandos
763 2947 1010 3041 relinquamus,
1020 2946 1110 3018 etad
1121 2969 1279 3020 romanas
1289 2945 1423 3019 scholas

381 3072 604 3136 revertamur.

431 3180 597 3264 Quoniam
626 3181 778 3252 diximus
791 3202 871 3273 quae
889 3181 1103 3276 potissimum
1125 3188 1215 3251 esset
1235 3179 1270 3250 in
1300 3180 1424 3252 scholis

419 3394 425 3422 ¹
443 3410 457 3442 a
469 3395 618 3455 instituunt,
635 3394 774 3458 disputant,
786 3395 957 3446 cavillantur:
973 3407 1025 3445 non
1041 3394 1137 3446 iaciunt
1160 3395 1275 3448 animum
1291 3396 1350 3459 quia
1371 3407 1423 3446 non

382 3484 486 3534 habent.
500 3487 583 3543 Quum
598 3482 689 3545 legeris
704 3483 827 3540 Sextium,
845 3487 917 3533 eto...
933 3498 947 3530 n
961 3485 1009 3546 Ep.
1020 3503 1089 3534 mv.

418 3570 426 3598 ²
439 3588 454 3622 u
466 3571 622 3623 Scrutabitur
633 3571 730 3621 scholas
741 3577 840 3623 nostras
852 3576 878 3622 et
887 3572 990 3635 objiciat
1001 3573 1157 3635 philosophis
1171 3573 1307 3636 congiaria,
1321 3574 1423 3633 amicas,

382 3661 480 3724 gulam3
497 3660 614 3710 ostendet
623 3659 686 3709 mibi
698 3660 776 3710 alium
791 3660 817 3710 in
828 3660 962 3720 adulterio,
973 3661 1051 3711 alium
1066 3661 1094 3711 in
1108 3661 1213 3730 popina,
1226 3661 1302 3712 alium
1315 3663 1341 3713 in
1353 3665 1423 3712 aula:

382 3748 499 3800 ostendet
511 3749 573 3798 mihi
586 3747 699 3810 lepidum
714 3749 892 3811 philosophum
904 3748 1050 3800 Aristonem
1065 3750 1109 3812 qui
1122 3751 1148 3799 in
1161 3749 1300 3813 gestatione
1313 3750 1424 3801 dissere·

383 3838 455 3892 brt,
469 3839 522 3888 Hos
534 3837 596 3886 mihi
610 3836 829 3901 circulatores‚qui
838 3837 1022 3900 philosophiam
1029 3838 1160 3889 honestius
1171 3840 1339 3902 neglexissent
1348 3853 1423 3903 quam

383 3927 507 3992 rendunt,
533 3929 559 3976 in
576 3926 665 3977 taciem
686 3928 793 3989 ingeret.
811 3946 823 3970 ι
837 3928 940 3989 senec,
954 3929 1003 3990 Ep.
1017 3947 1089 3980 mx.
1112 3929 1241 3980 -rillos
1259 3942 1423 3992 quoquene-

383 4030 439 4068 eere
456 4017 529 4066 nobis
540 4017 664 4081 existimo,
680 4018 781 4079 quinos
800 4017 847 4066 sub
869 4017 951 4078 specie
970 4018 1054 4067 stoica
1068 4023 1141 4070 sectae
1155 4019 1287 4070 hortantur
1302 4019 1334 4069 ad
1352 4019 1421 4070 vitia.

384 4108 437 4157 Hoc
451 4105 519 4155 enim
529 4107 641 4168 jactant:
651 4105 731 4157 solum
744 4106 883 4168 sapientem
894 4112 920 4156 et
932 4106 1044 4170 doctum,
1056 4118 1110 4158 esse
1125 4113 1272 4160 amatorem.
1285 4109 1422 4170 solusapte

383 4196 415 4246 nd
424 4196 489 4244 hunc
499 4200 668 4257 ortamentis
681 4195 843 4246 combibendi
852 4195 1044 4253 etconrirandi,
1056 4196 1156 4258 sapiens
1169 4202 1207 4247 cst
1216 4197 1394 4258 peritissimus.
1408 4215 1417 4239 ι

383 4286 486 4343 Seuer„
503 4285 550 4346 Ep.
567 4301 653 4334 cxxru.
668 4309 703 4320 -
718 4299 732 4330 a
746 4282 839 4334 Videre
853 4283 981 4333 licctallos
997 4280 1176 4352 (philosophos)
1194 4291 1262 4336 tantu
1282 4286 1382 4336 levitate
1397 4289 1422 4334 et

382 4373 527 4436 jactatione,
542 4373 571 4422 iis
580 4377 607 4422 ui
619 4371 693 4422 tuerit
705 4372 821 4423 didicisse
831 4372 935 4438 melius,
948 4373 1009 4423 ulios
1024 4375 1136 4436 pecunia
1150 4373 1264 4436 cupidos,
1277 4375 1421 4437 gloriaenon
