3158 5158
786 407 944 465 ..105-

345 540 481 612 nunus
496 545 532 610 et
545 535 750 630 eloquentiae
771 546 840 610 non
861 537 1000 624 monte,
1025 531 1086 608 set
1108 555 1156 608 ox
1169 535 1300 630 amnne
1317 557 1387 611 nn·

344 665 422 727 tura
439 653 696 750 proflolsoentis,
715 661 803 724 esset
816 652 1026 746 exemplam.
1044 653 1153 724 Extra
1168 673 1303 726 omnem
1321 655 1386 726 ho-

343 787 470 842 norum
483 775 585 863 atque
602 785 705 862 opum
716 767 935 862 cupiditatem
948 770 1093 862 positus,
1109 779 1142 839 et
1154 769 1388 842 adulatoribus

343 888 496 959 intensus
510 887 538 973 ²,
556 886 680 956 donae
698 883 777 954 Caio
790 885 924 956 Caesare
935 885 1050 956 oblata
1067 905 1135 958 noo
1153 886 1283 977 aooeplt
1294 887 1321 956 ³.
1337 925 1387 940 --

344 1005 469 1076 Locum
487 1001 672 1094 quemdam
698 999 857 1072 Stobaeus
887 1021 906 1069 e
927 1001 1097 1071 Demetrio
1116 1001 1231 1089 affert,
1260 1003 1295 1070 in
1317 1023 1389 1094 quo

343 1121 418 1212 ejus
436 1119 638 1212 eloquentiae
655 1117 738 1204 vim,
760 1129 795 1189 et
812 1117 964 1188 concisas
989 1116 1230 1210 vibrantesque
1252 1127 1388 1190 senten-

343 1236 409 1307 tias
427 1253 610 1328 agnoscere
626 1229 709 1302 mihi
728 1232 846 1305 videor
867 1259 875 1302 :
897 1232 1026 1302 alterna
1041 1241 1091 1304 est
1097 1229 1335 1331 fortitudinis
1354 1244 1389 1304 et

344 1345 545 1422 timiditatis
557 1349 680 1420 oratio.
706 1373 723 1416 a
744 1347 938 1440 Fingamus
954 1347 1232 1438 exemptionum,
1248 1348 1388 1440 bellige-

345 1486 364 1534 n
391 1465 482 1536 nanti
500 1473 534 1536 et
551 1465 586 1534 iu
605 1464 677 1535 acie
689 1464 793 1534 stanti
811 1462 890 1534 hine
911 1457 1191 1552 Fortitudinem,
1213 1461 1307 1534 illino
1330 1463 1390 1534 Τι’-

346 1611 364 1646 »
392 1577 592 1652 miditatem
611 1579 782 1652 assistere.
804 1579 989 1666 Quantum,
1008 1586 1122 1672 potae,
1143 1577 1299 1651 diversas
1312 1601 1389 1650 ora·

345 1725 364 1766 n
391 1698 500 1768 tiones
522 1693 714 1767 habebunt!
744 1697 865 1766 Nonne
883 1693 1056 1765 Fortitudo
1085 1693 1224 1785 quidem
1250 1715 1386 1788 perma-

345 1841 363 1878 n
391 1833 472 1884 nere
488 1811 620 1904 jubebit
641 1821 675 1882 et
697 1812 851 1883 ordinem
877 1828 978 1882 suum
1001 1811 1159 1882 servare?
1178 1849 1228 1862 -
1241 1811 1308 1882 Sed
1327 1811 1386 1882 in-

345 1955 363 1993 »
390 1937 518 2022 gruunt
534 1926 616 1999 tela.
629 1966 676 1980 -
696 1926 939 1998 sustinendum
956 1935 1020 1997 est.
1041 1963 1091 1976 --
1104 1923 1150 1996 At
1162 1927 1383 1999 vulnerabor.

344 2069 362 2114 o
390 2085 440 2096 -·-
455 2045 623 2116 Tolerato.
644 2079 693 2097 -
705 2043 773 2116 Sed
785 2040 925 2114 moriar.
945 2079 990 2095 -
1009 2041 1142 2114 Morere
1158 2043 1386 2136 potiusquam

344 2185 363 2227 n
391 2161 563 2253 relinquas
575 2160 693 2232 aciem.
711 2161 794 2232 Haeo
803 2159 913 2232 oratio
923 2159 1010 2231 dura
1024 2158 1158 2231 videtur
1181 2166 1215 2228 et
1232 2157 1382 2230 immitis.

343 2297 361 2345 a
388 2277 513 2349 Contra
525 2297 608 2350 vero
631 2271 854 2346 Timiditatis
872 2274 1038 2362 humana,
1054 2295 1115 2366 per
1133 2269 1268 2345 lovem!
1283 2283 1387 2367 atque

343 2421 361 2456 »
389 2393 512 2464 mollis.
541 2391 712 2466 Nimirum
734 2391 826 2462 enim
844 2389 1003 2462 resedere
1026 2390 1123 2482 jubet
1145 2390 1382 2482 trepidantem.

343 2535 361 2575 n
388 2545 436 2561 υ-
451 2507 517 2579 Sed
535 2517 669 2578 soumm
683 2527 778 2598 aegre
797 2509 893 2577 fero:
915 2507 1067 2598 abjicias.
1089 2543 1139 2558 --
1156 2505 1314 2578 Molestat
1329 2528 1385 2578 me

342 2651 359 2690 u
388 2623 524 2694 thorax.
542 2662 591 2675 -—
607 2623 699 2716 Ergo
721 2623 865 2694 resolve.
891 2623 953 2694 Cui
971 2643 1040 2693 non
1059 2622 1136 2693 haeo
1158 2623 1266 2694 verba
1288 2622 1384 2693 beni-

340 2763 359 2807 »
389 2738 511 2831 gniora
524 2739 682 2812 videntur
700 2761 804 2833 quam
825 2735 940 2809 illius?
959 2737 1120 2810 Similiter
1136 2737 1171 2808 in
1189 2739 1265 2810 aliis
1283 2737 1384 2810 rebus

342 2885 358 2920 »
385 2877 452 2927 usu
469 2855 593 2927 evenit.
610 2856 663 2926 Ne
677 2855 805 2948 coplas,
820 2854 929 2947 inquit
947 2851 1194 2941 Οοηιίηοηιία,
1210 2853 1301 2925 unde
1314 2876 1383 2925 non

340 3000 359 3039 u
386 2971 493 3044 decet.
515 2972 564 3042 Ne
581 2971 751 3058 eomedas,
770 2993 812 3042 ne
826 2970 937 3041 bibas.
958 2969 1111 3056 Sustine,
1132 2969 1253 3040 tolera.
1274 2969 1384 3041 Deni-

375 3159 380 3182 ¹
398 3158 506 3215 «Paulo
527 3163 587 3210 ante
609 3158 766 3210 Demetrium
785 3158 859 3210 retuli
874 3174 880 3209 ε
898 3171 974 3222 quem
989 3158 1053 3208 mihi
1076 3157 1175 3208 aldetur
1194 3167 1279 3208 rerum
1292 3162 1385 3210 natura

338 3247 429 3297 nostris
443 3247 530 3298 tulisse
544 3248 715 3310 temporibus,
737 3251 765 3298 ut
785 3247 940 3305 ostenderet,
962 3257 1009 3296 nee
1027 3245 1100 3295 lllnm
1117 3257 1131 3295 a
1150 3243 1225 3296 nohis
1246 3246 1382 3308 eorrumpi,

337 3351 385 3388 neo
397 3353 443 3390 nos
458 3339 489 3393 ab
504 3338 556 3388 ullo
569 3339 660 3402 corrigi
671 3351 744 3401 posse
759 3349 766 3390 :
781 3339 864 3388 virum
885 3341 975 3388 exacte
986 3335 1060 3404 (lieet
1071 3340 1147 3400 neget
1159 3335 1224 3404 lpse)
1237 3335 1382 3408 sapientie,

337 3427 465 3491 firmeque
484 3427 510 3476 in
526 3427 565 3476 his
579 3437 636 3488 que
657 3425 787 3488 proposuit
801 3427 949 3476 constantia
969 3441 976 3476 ε
993 3424 1146 3488 eloquentie
1163 3437 1223 3477 vero
1247 3429 1301 3490 ejus
1323 3439 1382 3491 quoe

337 3529 376 3568 res
387 3515 535 3567 fortissimas
550 3515 647 3581 deceat,
668 3527 719 3565 uon
738 3517 908 3580 concinnata,
930 3527 977 3565 nee
993 3515 1020 3564 in
1040 3517 1118 3567 verbo
1135 3514 1257 3578 sollicita,
1277 3515 1321 3566 sed
1338 3517 1382 3567 ln-

337 3597 406 3659 genti
417 3598 517 3657 animo,
534 3599 609 3656 prout
623 3597 731 3658 impetus
755 3596 827 3656 tulit,
847 3609 887 3647 res
902 3609 958 3646 suas
974 3596 1159 3658 prosequentis.
1172 3597 1237 3646 Halo
1258 3609 1311 3648 non
1330 3597 1382 3648 du-

337 3683 389 3734 blto
411 3683 472 3746 quin
486 3677 648 3733 Providentia
670 3685 698 3732 et'
711 3681 787 3733 talem
803 3683 891 3744 vitam,
915 3683 1034 3734 attalem
1051 3683 1154 3734 dicendi
1171 3683 1316 3735 facultatem
1329 3685 1382 3735 de-

336 3765 411 3829 derit,
426 3774 458 3816 ne
475 3767 519 3814 aut
536 3764 680 3826 exemplum
692 3764 888 3827 saculonostro,
906 3769 950 3815 aut
963 3764 1105 3817 conuictum
1119 3764 1228 3818 deesset.
1246 3781 1258 3809 ι
1274 3759 1381 3830 (Deda-

337 3851 394 3922 ml.
410 3874 456 3919 vn,
467 3853 504 3916 t.)

373 3943 382 3972 ²
396 3945 492 4006 Qttaesl.
504 3950 558 3996 nat.
571 3963 610 4004 ιν,
623 3941 700 3995 Praei.

374 4031 554 4085 'unemetrlo
571 4033 592 4084 st
607 4045 646 4084 res
660 4038 758 4085 nostros
778 4033 867 4096 aliquis
889 4035 1001 4084 Deorum
1018 4033 1183 4096 possidendas
1202 4034 1263 4086 velit
1279 4034 1379 4086 tradere

337 4129 404 4178 certa
422 4126 494 4187 lege,
511 4136 545 4174 ne
562 4123 635 4175 liceat
652 4124 758 4188 donare,
781 4123 957 4176 affirmaverint
978 4123 1201 4187 repudiaturum...
1221 4125 1309 4188 ltaque
1321 4137 1379 4176 anm

336 4216 366 4267 O.
379 4217 461 4266 caesar
471 4213 508 4265 illl
519 4215 626 4266 ducenta
641 4215 756 4276 donaret,
771 4215 856 4266 ridens
871 4215 967 4279 reinolt,
979 4227 1013 4266 ne
1025 4215 1127 4279 dignam
1140 4215 1242 4278 quidem
1253 4227 1378 4266 summam

333 4304 450 4368 jodloaus
465 4317 513 4366 qua
522 4317 576 4355 non
588 4310 687 4368 accepta
699 4305 914 4368 gloriaretur...sl
926 4309 1035 4372 tentare,
1045 4307 1137 4370 lnquit,
1152 4316 1193 4358 me
1205 4307 1376 4363 constituerat,

335 4397 387 4442 toto
403 4389 439 4440 illi
450 4391 484 4441 lui
495 4390 661 4454 experiendus
675 4391 793 4452 imperio.
811 4410 823 4434 n
841 4388 889 4456 (lle
900 4385 989 4459 benef·
1006 4409 1051 4454 vn,
1061 4391 1089 4453 9,
1105 4389 1159 4453 tl.)
