3168 5150
820 471 957 526 ..48-

373 621 391 664 n
419 617 490 687 eos,
506 597 564 689 qui
578 595 681 667 verba
697 617 821 688 magna
841 597 1017 698 celeritate
1037 596 1263 691 praecipitant,
1275 605 1311 669 et
1321 617 1414 669 com-

374 740 392 781 »
420 733 540 784 munes
557 714 649 784 locos
668 714 824 804 volvunt,
846 715 932 784 etin
953 713 1087 806 priuato
1111 713 1335 807 circulantur3
1355 715 1417 786 sed

373 857 391 892 »
420 828 546 922 eosqui
559 829 631 900 vita
646 829 781 916 docent,
795 829 855 920 qui
870 851 948 899 curn
959 828 1107 900 dixerint
1124 828 1208 922 quid
1223 829 1416 901 faciendum

372 968 390 1013 r>
419 943 474 1032 sit,
492 945 637 1038 probant
649 946 824 1036 iaciendo;
850 945 910 1037 qui
926 944 1048 1017 docent
1059 945 1143 1039 quid
1160 945 1336 1017 vitandum
1356 947 1414 1037 sit,

372 1085 391 1126 n
418 1081 482 1130 nec
503 1083 655 1154 unquam
672 1061 708 1130 in
726 1073 768 1132 eo'
786 1062 880 1154 quod
898 1061 1095 1152 fugiendum
1113 1061 1274 1149 dixerint,
1292 1061 1418 1154 depre-

375 1202 393 1238 »
419 1174 628 1246 henduntur.
645 1177 732 1248 Eum
749 1175 834 1268 elige
846 1174 1052 1267 adjutorem,
1067 1198 1170 1269 quern
1184 1176 1295 1268 magis
1308 1177 1418 1249 admi·

374 1313 391 1358 »
420 1290 504 1361 reris
523 1285 757 1379 oum’videris,
775 1313 880 1383 quam
894 1313 972 1362 curn
986 1291 1132 1362 audieris
1148 1291 1173 1360 ¹.
1195 1317 1213 1360 n

420 1404 491 1475 Hoc
507 1405 614 1476 ferme
632 1407 733 1478 modo
751 1405 932 1499 incipiebat
952 1407 1040 1478 inter
1058 1407 1260 1500 discipulum
1280 1427 1321 1479 ac
1342 1428 1418 1478 ma·

372 1521 515 1613 gistrum
527 1524 739 1596 conversatio
753 1533 787 1594 et
798 1523 943 1595 amicitia
960 1549 975 1591 ε·
988 1547 1005 1590 «
1026 1525 1112 1616 Ege,
1127 1546 1233 1617 quum
1253 1522 1417 1594 vidissem

374 1662 391 1706 n
421 1637 568 1711 indolem
577 1650 686 1728 tuam,
697 1639 797 1731 injeci
814 1662 968 1728 manum,
983 1638 1183 1712 exhortatus
1192 1663 1281 1729 sum,
1299 1639 1418 1711 addidi

375 1782 392 1818 »
423 1755 590 1845 stimuloS,
607 1779 671 1827 neo
689 1758 778 1828 lente
796 1758 846 1827 ire
861 1779 982 1850 passus
998 1779 1088 1847 sum,
1107 1757 1167 1828 scd
1178 1755 1322 1826 subinde
1335 1755 1419 1825 inci·

364 1887 394 1936 ¹»
422 1871 516 1942 tavi:
536 1879 569 1941 et
585 1893 677 1942 nunc
691 1872 780 1943 idem
797 1869 897 1952 facio.
916 1871 983 1943 Sed
995 1872 1069 1962 jam
1082 1881 1271 1944 currentem
1283 1871 1414 1958 hortor,

374 2014 391 2049 2»
420 1994 453 2055 et
464 1986 608 2058 invicem
622 1988 861 2059 hortantem...
875 1989 901 2056 2.
921 2015 939 2054 n
961 2027 1004 2040 -
1019 2014 1037 2054 u
1050 1989 1197 2059 Locutus
1211 1997 1263 2059 est
1281 1998 1417 2057 mecum

372 2123 390 2168 >t
420 2101 550 2172 amicus
562 2110 640 2172 tuus
653 2104 753 2173 bonae
768 2103 890 2174 indolis
905 2129 914 2172 ε
936 2103 972 2172 in
980 2123 1048 2196 quo
1062 2112 1228 2196 quantum
1240 2111 1328 2172 esset
1342 2101 1417 2170 ani-

372 2243 391 2282 »
420 2215 480 2305 mi,
498 2228 664 2311 quantum
683 2218 821 2311 ingenii,
843 2228 1010 2312 quantum
1020 2221 1092 2309 jam
1105 2220 1288 2313 proiectus,
1305 2237 1416 2287 sermo

375 2359 392 2395 »
420 2331 550 2424 primus
569 2332 726 2403 ostendit.
741 2333 839 2405 Dedit
855 2333 953 2404 nobis
971 2333 1060 2404 enim
1080 2344 1230 2424 gustum,
1246 2333 1290 2403 ad
1312 2354 1414 2425 quem

377 2476 396 2515 n
424 2448 659 2541 respondebit:
681 2471 749 2519 non
763 2450 853 2520 enim
866 2472 912 2520 ex
929 2459 1118 2544 praeparato
1133 2451 1266 2521 locutus
1278 2458 1340 2537 est,
1355 2446 1415 2518 scd

373 2590 393 2631 n
421 2563 533 2633 subito
555 2563 797 2658 deprehensus.
837 2565 902 2638 Ubi
927 2587 964 2637 se
988 2562 1134 2658 collegit,
1155 2563 1412 2651 verecundiam,

375 2705 393 2741 ›>
421 2678 549 2749 bonum
566 2679 602 2748 in
621 2679 834 2751 adolescente
853 2680 1001 2772 signum,
1022 2681 1083 2751 vix
1101 2681 1209 2774 potuit
1224 2688 1411 2752 excutere:

374 2820 393 2859 n
422 2793 507 2864 adeo
523 2794 571 2863 illi
589 2797 715 2865 exalto
733 2795 882 2865 suffusus
900 2806 952 2866 est
965 2795 1094 2866 rubor³
1109 2791 1117 2864 l
1142 2824 1158 2859 >2

422 2911 535 2997 Nunc,
547 2931 650 3003 quarn
664 2911 817 2998 solerter,
830 2921 1025 3004 quantoque
1040 2910 1152 2981 studio
1169 2911 1330 3002 magister
1346 2911 1415 2980 for-

372 3026 506 3096 mandis
517 3026 661 3118 ingeniis
669 3049 808 3098 manum
820 3027 1026 3098 admovebat
1038 3023 1046 3096 l
1060 3027 1149 3098 Nam
1158 3027 1245 3098 ratio
1255 3025 1415 3098 habenda

373 3151 445 3216 erat
471 3141 607 3234 indolis,
631 3143 754 3233 aetatis,
788 3143 1004 3232 conditionis,
1040 3165 1109 3236 qua
1138 3142 1281 3237 quisque
1311 3153 1410 3214 erat:

409 3363 609 3427 ¹Eip.1.11.N011
630 3365 704 3415 aliter
716 3365 799 3416 Varro
818 3365 845 3415 in
867 3343 1021 3418 sententiis:
1042 3384 1055 3412 u
1069 3367 1146 3418 illurn
1165 3367 1229 3429 elige
1246 3367 1412 3418 eruditorem.

374 3453 434 3504 vid.
450 3467 508 3516 pag.
518 3453 662 3508 so,-nrut
671 3467 729 3504 oum
737 3455 777 3506 vel
784 3455 848 3506 nlius
858 3456 965 3518 quilibet
977 3471 1007 3508 cr
1014 3457 1197 3521 professoribus
1216 3457 1358 3508 liberalium
1367 3469 1413 3506 ar-

374 3543 437 3593 tium
450 3557 496 3606 pro
508 3544 612 3594 custode
620 3557 720 3598 morum
735 3545 879 3613 eligeretur,
893 3553 922 3600 ut
932 3549 1082 3612 coniicimus
1096 3560 1126 3600 cx
1137 3548 1301 3612 inscriptione
1312 3547 1345 3598 de
1355 3549 1413 3600 Pu·

373 3632 451 3682 dente
463 3633 625 3695 grammatico
638 3647 646 3684 ε

650 3763 736 3811 Pudens
746 3764 778 3812 ii.
795 3765 871 3820 Lepidi
880 3764 905 3813 L.
917 3765 1013 3822 (latinus)
1023 3765 1182 3820 grammaticus.

517 3833 648 3880 Procurator
660 3848 720 3880 cram
729 3834 815 3890 Lepidm
826 3850 940 3892 moresque
950 3834 1050 3889 regebam

519 3904 577 3951 Dum
590 3906 641 3953 rixi.
651 3906 730 3953 Mansit
741 3907 829 3954 Cesaris
839 3907 877 3954 ilia
886 3922 961 3955 nurus.

519 3975 645 4030 Philologus
655 3975 783 4032 discipulus.

411 4102 468 4172 (Hic
478 4106 641 4168 Lepidusiuit
650 4107 738 4158 consul
749 4119 811 4157 ann.
820 4104 873 4156 764
889 4121 895 4168 ;
912 4107 988 4160 irater
996 4106 1097 4170 Lepide
1109 4122 1126 4155 u
1137 4107 1268 4159 destinate
1282 4107 1409 4170 quondam

376 4195 457 4245 uxoris
469 4195 499 4246 L.
515 4195 641 4247 Cnsariel
658 4195 717 4248 diro
726 4195 840 4260 Augusto
851 4209 939 4248 nurus.
952 4194 962 4261 l
1009 4195 1128 4260 Orellius,
1138 4201 1158 4248 t.
1172 4198 1194 4261 i,
1209 4197 1250 4248 cb.
1265 4213 1294 4258 u,
1306 4198 1330 4246 J.
1346 4192 1409 4246 659.

408 4298 418 4328 ²
430 4303 478 4366 Ep.
489 4295 576 4355 s'sxxrv.

409 4406 418 4435 ³
431 4411 478 4473 Ep.
495 4431 530 4462 xr.
