3158 5158
761 461 794 472 -
814 433 866 490 reo
885 461 918 472 —

135 545 297 646 fiifiigl’j‘ffiss'g
364 553 499 637 Quanto
517 552 552 623 in
573 555 702 626 honore
715 565 817 648 esset,
835 567 915 628 tuno
934 560 1107 652 temporis,
1126 561 1353 656 philosophia,

156 653 274 752 ξξῐξῗξῗ
314 689 416 760 quarn
431 670 526 739 multi
542 679 576 741 et
588 671 671 742 olari
690 671 881 766 philosophi
905 696 923 744 e
940 676 1161 746 contubernio
1180 680 1357 769 magistro·

314 805 403 871 rum,
424 786 467 855 de
484 786 608 878 quibus
625 786 790 875 diximus
815 787 1015 881 prodierint,
1042 791 1100 862 illa
1122 803 1171 863 tol
1194 815 1234 865 ac
1260 803 1354 866 tenta

312 899 450 970 nomina
467 901 605 972 ehnnde
616 900 828 974 confirmant.
843 904 1048 996 Quanquam
1062 927 1131 977 non
1143 908 1351 998 negaverim,

311 1014 375 1084 suh
388 1013 489 1085 linem
511 1017 654 1087 Neronis
672 1018 895 1111 principanio,
925 1019 1085 1092 ardorem
1104 1021 1195 1092 huno
1219 1023 1356 1094 animo-

311 1151 387 1199 rum
405 1142 439 1201 et
455 1131 731 1203 honestissimum
753 1135 943 1224 juventutis
961 1135 1004 1206 ad
1026 1135 1179 1208 liberalia
1206 1138 1354 1208 studium

311 1247 510 1333 concidisse,
534 1257 569 1317 et
595 1248 746 1335 scholas,
772 1249 874 1337 modo
898 1251 1049 1320 maxime
1074 1251 1268 1322 celebritate
1293 1275 1354 1324 uo-

310 1360 408 1451 nites,
424 1383 527 1454 poene
539 1363 692 1435 desertas
710 1365 826 1436 luisse.
852 1365 994 1461 Nempe,
1018 1374 1182 1436 mutatum
1203 1368 1236 1436 in
1260 1370 1355 1460 pejus

309 1476 481 1548 civitatem
507 1488 649 1551 testatur
671 1481 745 1574 ipse
772 1484 917 1569 Seneca,
940 1482 1000 1573 qui
1016 1483 1168 1576 queritur
1185 1482 1296 1575 qnod,
1318 1499 1356 1554 se

306 1591 379 1682 jam
404 1614 496 1681 sene,
519 1594 668 1666 derelicti
686 1597 722 1664 in
741 1595 878 1688 angulis
899 1597 1039 1668 sedeant
1055 1596 1223 1688 magistri,
1239 1607 1272 1668 et
1286 1599 1356 1668 lere

236 1763 251 1772 .
309 1721 428 1778 omnes
447 1707 727 1802 philosophorum
751 1721 853 1783 seotae
874 1712 1054 1782 exstinctae
1073 1710 1153 1780 sint.
1185 1712 1352 1798 «Cessat,

309 1822 432 1914 inquit,
446 1845 546 1895 omne
556 1827 716 1908 studium,
729 1837 762 1897 et
775 1828 928 1899 liberalia
948 1826 1106 1919 professi,
1123 1826 1195 1897 sine
1206 1827 1275 1896 ulla
1289 1828 1354 1896 lre·

308 1937 461 2028 quentia,
491 1939 634 2012 desertis
657 1942 792 2032 angulis
815 1942 1013 2035 praesident.
1044 1943 1082 2012 ln
1108 1941 1281 2013 rhetorum
1314 1963 1355 2013 ae

308 2051 587 2146 philosophorum
609 2055 736 2126 scholis
753 2057 900 2128 solitudo
918 2067 970 2128 est
994 2081 1001 2126 :
1021 2068 1178 2151 atquem
1205 2057 1355 2128 celebres

309 2168 433 2240 eulinae
465 2179 558 2258 sunt,
583 2181 711 2264 quanta
740 2173 867 2244 circum
895 2182 1056 2265 nepotum
1082 2173 1174 2243 locos
1192 2173 1356 2262 juventus

310 2283 472 2377 premil¹l
491 2315 508 2351 »
526 2325 572 2340 -
591 2317 607 2350 «
628 2287 713 2371 Quis
734 2288 985 2382 philosophiam
1007 2297 1066 2358 aut
1087 2289 1193 2357 ullum
1216 2287 1356 2359 liberale

313 2426 329 2461 »
358 2401 494 2496 respicit
515 2402 685 2494 studium,
708 2404 775 2474 nisi
798 2426 876 2474 curn
903 2403 974 2474 ludi
998 2402 1251 2491 intercalantur‚
1277 2425 1354 2473 cum

314 2543 330 2576 r
357 2514 480 2608 aliquis
499 2516 635 2610 pluvius
654 2518 837 2590 intervenit
856 2519 948 2608 dies,
971 2539 1073 2611 quem
1096 2517 1239 2612 perdere
1257 2517 1353 2590 liceri

312 2656 328 2694 »
358 2629 488 2721 ltaque,
512 2641 560 2702 tot
567 2629 730 2727 familias
744 2631 1036 2732 philosophorum
1052 2635 1128 2703 sine
1145 2653 1354 2703 successore

313 2772 329 2806 n
356 2739 544 2824 deficiunt.
563 2743 782 2817 Academici
789 2762 824 2819 et
838 2761 978 2818 veteres
992 2761 1027 2816 et
1039 2749 1192 2816 minores
1207 2745 1354 2818 nullum

312 2887 328 2920 u
357 2862 554 2933 antistitem
570 2861 806 2958 reliquerunt.
833 2861 927 2961 Quis
950 2875 1004 2932 est
1029 2865 1092 2960 qui
1112 2857 1242 2932 tradat
1260 2885 1353 2960 prce-

311 3003 329 3037 »
357 2988 462 3073 cepta
469 2973 949 3075 Pyrrhonis2Pythagorea
963 2975 1030 3048 illa
1043 2974 1225 3047 inomiosoe
1239 2973 1354 3046 turbis

313 3119 329 3153 u
358 3086 486 3163 schola
495 3106 752 3190 praeceptorem
769 3116 842 3162 non
860 3095 1006 3179 inuenit,
1020 3089 1232 3164 Sextiorum
1244 3113 1353 3178 nova,

311 3236 328 3273 u
357 3217 392 3279 et
413 3206 573 3277 Romani
591 3203 726 3279 roboris
733 3261 744 3296 ,
766 3222 881 3299 secta,
913 3211 1006 3278 inter
1031 3211 1135 3278 initia
1153 3228 1241 3293 sua,
1266 3228 1353 3276 oum

312 3353 328 3386 »
357 3303 493 3420 magno
507 3327 641 3422 impetu
660 3324 835 3422 coepisset,
865 3327 1053 3394 exstincta
1074 3335 1141 3394 est.
1161 3321 1206 3393 At
1222 3330 1351 3415 quanta

311 3469 329 3506 »r
356 3461 438 3510 cura
462 3440 649 3526 laboratur,
674 3461 717 3508 ne
742 3441 840 3530 cujus
863 3439 1062 3532 pantomimi
1092 3460 1215 3510 nomen
1243 3439 1352 3507 inter-

310 3581 327 3622 »
355 3551 460 3626 cidat!
475 3555 549 3656 Stet
559 3575 619 3647 per
629 3573 841 3626 successores
854 3554 989 3650 Pyladis
998 3566 1033 3626 et
1045 3553 1190 3648 Bathylli
1204 3553 1346 3624 domus:

306 3797 383 3870 filiis.
400 3801 540 3867 »lilepert
551 3801 713 3866 vesselingii,
736 3816 813 3865 prope
834 3801 973 3867 Bonnam.)
988 3799 1106 3852 -sscsrts
1122 3801 1162 3851 hle
1174 3803 1274 3850 Grecos
1293 3799 1348 3859 luit,

305 3891 372 3942 siout
385 3889 530 3950 etStullins,
546 3894 575 3940 ut
586 3891 686 3954 opinor.
711 3892 820 3952 Quidem
833 3896 939 3943 censent
952 3891 1011 3941 huie
1026 3891 1134 3940 Eversio
1150 3888 1260 3938 nmicnrn
1273 3886 1349 3938 luisse

306 3977 418 4027 Sslrlum
432 3977 499 4028 illius
508 3977 585 4030 Snlvli
595 3979 688 4030 talioni
703 3979 785 4030 filiurn
796 3982 839 4043 qni
850 3979 960 4031 erlietnm
971 3981 1120 4040 perpetuum
1129 3973 1268 4025 ordinarit.
1277 3976 1345 4024 Vero

306 4065 547 4116 noceditlivsrclnm
561 4065 630 4119 inter
639 4068 757 4119 curmites
768 4069 846 4120 Salvii
856 4067 942 4127 luisse,
956 4077 1014 4116 oum
1025 4063 1058 4123 is,
1073 4061 1186 4113 utlrndlt
1199 4063 1258 4121 Dio,
1273 4075 1349 4113 ener-

307 4153 368 4204 ellul
378 4153 479 4205 cuidem
491 4161 606 4220 preerat,
617 4169 686 4207 enno
700 4170 751 4220 quo
764 4159 799 4208 M.
810 4157 929 4208 Aurelius
944 4157 1083 4216 imperator
1094 4150 1214 4202 decessit.
1233 4145 1348 4219 (Henne-

308 4242 375 4303 uius,
391 4241 482 4310 5600).
1207 4250 1211 4257 “

344 4329 374 4382 6⁰
384 4333 464 4384 liutet
477 4333 525 4408 nlla
536 4334 667 4398 inscriptio
687 4335 718 4387 de
729 4336 870 4398 Pomponio
883 4334 994 4398 quodum
1012 4344 1087 4394 quam
1104 4346 1178 4397 ,upra
1197 4338 1338 4389 attulimus.

343 4420 349 4446 ¹
362 4422 409 4484 Ep.
426 4441 481 4473 xcv.
