3168 5150
685 535 808 587 ..3.-

224 669 286 728 ret.
321 658 531 750 scripserant
552 657 688 750 quidem
714 658 830 742 latine,
853 657 925 745 jam
956 675 996 724 eo
1018 664 1181 748 tempore,
1211 654 1265 724 vel

224 784 302 845 ante
314 765 428 868 ipsum
441 773 647 860 Ciceronem,
663 773 706 843 de
724 771 939 866 philosophia
950 769 1139 842 Amafinius
1149 780 1181 842 et
1195 770 1266 840 Ra-

223 890 343 980 birius‚
366 891 514 984 epicurei
525 890 696 981 homines;
714 890 814 959 etiam
832 887 1008 958 Lucretius
1028 889 1177 978 ejusdem
1191 909 1265 958 ma-

223 1006 318 1097 gistri
337 1006 524 1076 doctrinam
543 1006 698 1078 versibus
711 1005 867 1096 attigerat
886 1030 892 1071 :
912 1014 947 1074 at·
959 1005 1024 1074 hoc
1037 1004 1189 1073 Lucretio
1202 1005 1264 1074 ob·

225 1123 288 1192 fuit
310 1123 401 1214 quod
424 1133 497 1193 erat
519 1132 634 1215 poeta,
652 1123 737 1192 iliud
763 1142 845 1192 vero
874 1119 1041 1190 Amafinio
1063 1120 1266 1212 Rabirioque

224 1238 439 1330 quodeornm
448 1238 587 1331 scripta,
599 1237 734 1329 vulgari
747 1236 946 1330 plebeioque
959 1257 1114 1306 sermone
1127 1235 1264 1322 inlecta,

224 1353 321 1426 brevi
347 1357 605 1444 obsoleverunt,
637 1355 737 1425 simul
760 1352 840 1444 qnia
870 1351 1006 1444 Epicuri
1031 1353 1138 1424 verba
1161 1353 1267 1423 verbo

224 1468 409 1541 reddidisse
423 1471 536 1563 potius
552 1471 712 1541 videntur
727 1489 831 1561 quam
846 1489 900 1538 res
918 1469 1011 1561 ipsas
1032 1469 1152 1539 imitati
1170 1477 1204 1539 et
1227 1467 1268 1538 li-

223 1585 304 1656 bere
328 1589 548 1658 commentati
573 1588 600 1656 ¹.
625 1586 670 1657 At
691 1586 821 1671 Cicero,
842 1587 935 1676 quod
953 1586 1008 1656 isti
1025 1586 1269 1658 inchoaverant

224 1724 342 1774 rursus
357 1706 516 1798 suscepit,
538 1713 570 1776 et
583 1704 734 1774 adhibita
746 1701 878 1772 ratione
895 1710 928 1772 et
937 1703 1008 1789 via,
1029 1711 1221 1774 constanter
1231 1725 1273 1773 ac

224 1821 388 1910 praeclare
407 1832 588 1893 exsecutus
606 1829 669 1891 est.
687 1821 813 1890 Parens
834 1817 936 1908 igitur
949 1819 1005 1889 ille
1023 1841 1104 1891 vere
1124 1819 1189 1890 dici
1209 1840 1270 1912 po-

224 1945 290 2005 test
313 1958 467 2009 romanae
493 1939 683 2032 sapientiae,
717 1932 809 2029 quod
833 1935 962 2026 primus
983 1937 1136 2007 omnium
1167 1935 1272 2008 latine

224 2051 487 2147 philosophandi
501 2055 593 2126 viam
612 2055 746 2149 aperuit
765 2057 790 2122 ².

274 2170 373 2240 Nunc
384 2171 563 2243 dicendum
580 2184 630 2242 est
649 2173 744 2262 quid,
755 2176 925 2247 exstincto
934 2172 1107 2257 Cicerone,
1120 2168 1271 2259 aggressi
1290 2166 1449 2272 Cpqffiffw

227 2283 471 2358 sinthomines.
494 2289 579 2358 Duae
594 2311 648 2359 res
667 2297 766 2359 antea
785 2290 968 2384 plurimum
991 2287 1167 2359 valuerant
1185 2307 1270 2377 quo·
1301 2273 1439 2390 Ρξξξῗξξξῑῆ

226 2401 340 2472 minus
359 2403 503 2473 Romani
531 2403 706 2496 sapientiae
731 2406 844 2477 studio
868 2404 991 2476 acriter
1014 2403 1267 2491 incumberent;
1288 2381 1451 2436 ⁰¹⁸⁸³⁵l⁸¹¹¹⁰m

114 2578 118 2594 ,
226 2517 305 2608 quia
324 2519 479 2611 plerique
497 2541 573 2588 eam
590 2521 690 2590 stulte
704 2522 976 2608 contemnebant,
993 2520 1093 2592 simul
1104 2519 1197 2612 quod
1210 2541 1270 2614 pa·

227 2657 302 2705 rum
321 2635 386 2706 illis
401 2638 549 2708 vacabat
567 2639 690 2708 fortem
706 2661 747 2710 ac
762 2649 935 2710 strenuam
949 2660 1088 2732 operam
1110 2636 1273 2709 doetrinae

227 2771 367 2822 navare.
386 2753 428 2822 Et
443 2753 517 2845 ipse
535 2754 582 2824 M.
597 2753 726 2824 Tullius
739 2755 940 2826 documento
954 2754 1009 2844 sit,
1025 2754 1085 2848 qui
1097 2774 1166 2823 non
1178 2752 1274 2844 prius

227 2863 269 2936 de
283 2867 522 2958 pertractanda
544 2869 579 2937 in
598 2869 729 2961 scriptis
743 2869 960 2964 philosophia
973 2868 1147 2961 cogitavit,
1167 2889 1272 2959 qnam

228 2983 432 3075 arepuhlica
454 2984 723 3055 administranda
742 2987 903 3056 exclusus
916 2984 951 3053 in
964 2985 1135 3076 ingratum
1165 2983 1271 3052 otinm

228 3098 447 3190 confugisset.
474 3100 524 3169 Illi
556 3122 610 3170 res
632 3109 683 3172 est
707 3101 899 3190 subcesim,
929 3097 1178 3194 philosophari;
1207 3097 1272 3168 hoo

228 3215 310 3305 agit,
325 3237 402 3286 cum
415 3215 498 3285 nihil
513 3217 602 3308 agit3
619 3240 752 3304 rursus,
774 3219 846 3308 ubi,
865 3217 1038 3310 paulisper
1055 3215 1185 3309 pacatis
1197 3214 1272 3283 bel-

228 3328 338 3402 lorum
356 3332 505 3404 civilium
524 3333 695 3422 fluctibus
708 3335 786 3405 vela
800 3334 1001 3428 eloquentiae
1009 3333 1203 3426 expandere
1209 3351 1270 3422 po·

266 3524 272 3554 ¹
284 3540 299 3577 r<
307 3529 381 3579 Nulla
389 3531 570 3590 arteadhibita‚
578 3531 609 3581 de
619 3533 852 3583 rebusanteoeuios
861 3533 947 3595 positis
955 3530 1050 3594 vulgari
1058 3541 1174 3580 sermone
1182 3529 1271 3590 dispu-

230 3620 297 3676 tant3
309 3619 372 3667 nihil
382 3619 590 3683 definiunt,nibil
600 3621 751 3682 partiuntur,
760 3621 824 3670 nihil
835 3624 892 3682 apta
902 3620 1098 3682 interrogatione
1106 3617 1270 3676 concludunt,

229 3706 325 3756 nnllam
333 3707 443 3770 denique
452 3713 531 3758 artem
539 3721 593 3758 esse
602 3723 649 3758 nec
657 3709 767 3768 dicendi,
775 3721 822 3758 nec
830 3708 970 3758 disserendi
982 3711 1080 3770 putant.
1090 3727 1102 3752 »
1111 3706 1270 3766 -Acadll,

229 3793 247 3842 i.
258 3796 280 3856 1,
292 3795 318 3844 ἢ.
328 3823 361 3832 -
371 3797 409 3846 De
419 3791 538 3863 physicis
549 3799 681 3860 scripserat
690 3797 841 3848 Amafinius.
852 3791 942 3863 (ibid.)
954 3799 1046 3848 Mirum
1057 3802 1094 3846 est
1106 3795 1173 3858 quod
1186 3795 1273 3844 Cicero

229 3884 293 3934 nihil
304 3885 335 3934 de
350 3883 475 3937 Lucretio
489 3888 559 3947 dixit,
573 3888 691 3938 videlicet
704 3889 762 3950 quia
776 3892 801 3938 et
813 3887 951 3950 Epicureus
967 3891 1020 3937 erat
1034 3891 1059 3936 et
1073 3890 1156 3948 poeta.

265 3971 274 3998 ²
296 3988 311 4022 a
323 3976 484 4038 Philosophia
495 3977 572 4039 jacuit
583 3990 663 4039 usque
678 3978 710 4026 ad
725 3979 789 4026 hanc
805 3981 918 4037 etatem,
935 3990 982 4026 nec
995 3977 1075 4025 ullum
1087 3974 1176 4024 habuit
1188 3973 1274 4022 iumen

231 4060 363 4110 latinarum
377 4063 524 4113 litterarum.
535 4080 550 4110 n
564 4062 648 4130 (Tusa.
661 4084 679 4126 1,
692 4064 731 4129 5.)
743 4092 775 4101 -
791 4080 806 4111 a
815 4068 902 4128 itaque
913 4065 976 4113 mihi
988 4064 1080 4114 videris
1093 4063 1170 4112 latine
1186 4062 1275 4111 docere

230 4149 429 4213 philosophiam,
444 4156 469 4202 et
483 4153 505 4201 ei
521 4155 591 4214 quasi
604 4154 731 4204 civitatem
746 4155 804 4204 dare
816 4169 823 4203 r
835 4167 891 4216 quat
906 4154 1009 4216 quidem
1024 4153 1107 4203 adhue
1121 4150 1275 4214 peregrinari

230 4241 315 4290 Rome
327 4242 469 4307 videbatur,
482 4255 530 4293 nee
540 4245 630 4294 offerre
645 4258 699 4295 sese
715 4245 806 4294 nostris
818 4244 988 4294 sermonibus.
1004 4263 1016 4290 n
1031 4245 1076 4306 (De
1090 4243 1148 4304 iim,
1161 4259 1204 4301 nr,
1220 4233 1275 4306 12.)

231 4353 265 4364 —
279 4348 290 4376 a
303 4331 464 4392 Magnificum
481 4331 542 4381 illud
556 4334 641 4395 etiam,
653 4334 814 4396 romanisque
829 4334 976 4383 bominibus
989 4332 1135 4394 gloriosum,
1148 4334 1174 4378 nt
1192 4328 1276 4390 grecis

231 4417 262 4467 de
272 4419 429 4482 philosophia
440 4433 493 4470 non
505 4427 608 4483 egenum
619 4422 687 4485 quod
697 4435 815 4484 assequar
826 4422 949 4486 prolecto,
958 4422 979 4471 si
989 4421 1104 4474 instituta
1114 4418 1252 4480 perfecero.
1262 4429 1276 4465 n

232 4501 281 4574 (De
295 4503 398 4567 dlviii„
410 4527 442 4570 rr,
459 4508 495 4571 9..)
