3158 5158
650 437 808 491 —ll'l-

207 581 226 619 n
256 579 371 628 me...
403 555 567 628 Videbam
596 561 689 651 apud
720 559 839 630 Caium
870 565 1049 645 tormenta,
1088 556 1246 627 videbam

210 702 226 734 r
258 672 364 764 ignes.
376 672 531 743 Sciebam
543 673 624 744 olim
640 676 770 746 subillo
783 675 816 744 in
827 696 904 746 eum
917 683 1042 744 statum
1059 673 1246 743 resbuma-

209 811 225 844 u
255 809 316 886 nas
331 787 507 873 decidisse,
523 797 560 856 ut
574 789 660 858 inter
671 790 914 860 misericordiae
931 808 1035 880 opera
1049 786 1244 875 baberetur,

208 929 225 968 n
254 902 370 972 occidi.
388 903 463 972 Non
481 911 595 974 tamen
612 905 701 975 ferro
721 905 872 991 incubui,
892 924 955 974 nec
975 904 1010 972 in
1024 923 1117 972 mare
1131 909 1248 992 aperto

211 1046 224 1076 r
252 1038 312 1086 ore
353 1015 472 1087 desilui
512 1040 556 1088 ne
599 1020 731 1092 viderer
758 1043 825 1117 pra
849 1015 934 1109 fide
975 1031 1122 1087 tantam
1161 1018 1250 1086 mori

206 1163 223 1198 n
249 1141 353 1230 posse
374 1133 446 1201 ¹....
471 1162 488 1196 n

154 1284 156 1289 ·
252 1248 328 1318 Non
356 1257 408 1318 est
439 1248 532 1340 quod
555 1249 688 1321 dubites
719 1252 802 1343 quin
831 1245 1035 1334 Paulinus,
1054 1241 1247 1332 Liberalis,
1268 1261 1430 1361 senffppkioi

203 1357 380 1448 Serenus,
394 1384 540 1454 quorum
556 1366 693 1434 nomina
703 1365 864 1458 operibus
878 1362 1082 1434 suisSeneea
1096 1361 1247 1454 adscrip-

204 1475 259 1561 sit,
276 1474 501 1570 pbilosopbiae
513 1478 624 1549 studio
642 1478 746 1549 dediti
760 1479 884 1550 luerint
896 1487 930 1549 et
941 1475 1081 1547 addicti.
1099 1475 1191 1544 ldem
1206 1475 1249 1544 de

202 1585 319 1659 Fabio
342 1591 495 1661 Rustico
522 1594 737 1680 contendam,
766 1615 868 1685 quem
891 1591 1027 1661 Tacitus
1050 1588 1152 1659 tradit
1170 1610 1246 1659 cum

203 1704 333 1775 Seneca
352 1707 499 1777 amicitia
510 1707 666 1798 junctum
681 1709 707 1778 ².
724 1706 924 1778 Lucanam
937 1714 1071 1798 poetam
1084 1724 1187 1774 nemo
1198 1716 1249 1775 est

202 1820 260 1911 qui
274 1832 376 1912 neget
389 1823 533 1915 plurima
553 1845 572 1894 a
593 1823 707 1895 stoicis
720 1825 877 1912 traxisse,
895 1832 929 1893 et
940 1823 975 1890 in
988 1842 1028 1892 eo
1043 1819 1247 1890 immorandi

202 1936 296 2007 locus
308 1947 410 2027 esset,
424 1933 467 2007 'ni
480 1959 535 2009 res
550 1940 633 2010 satis
649 1940 740 2010 clara
758 1941 845 2010 foret
857 1961 919 2032 per
934 1959 1021 2008 sese.

250 2053 402 2123 Aliorum
414 2055 552 2125 nomina
566 2056 660 2126 libris
674 2056 745 2125 suis
758 2057 884 2125 Seneca
899 2052 1143 2123 intermiscuit:
1164 2049 1249 2148 Cla·

202 2171 300 2256 rani,
317 2169 375 2260 qui
385 2191 528 2262 corpore
541 2171 662 2262 turpis,
675 2171 844 2240 formosus
858 2168 974 2238 animo
985 2168 1049 2236 fuit
1060 2169 1090 2254 ³3
1105 2162 1251 2254 Aufidii

200 2282 326 2370 Bassi,
346 2285 405 2376 qui
423 2286 537 2356 tractis
554 2286 700 2373 viribus,
719 2283 790 2354 vim
809 2282 918 2354 morbi
938 2291 1152 2373 mortemque
1167 2301 1247 2350 con·

201 2409 330 2470 stanter
341 2401 417 2470 tulit
430 2401 465 2491 ⁴3
482 2397 708 2487 Marcellini,
730 2399 857 2490 egregii
871 2397 1011 2490 quidem
1027 2396 1248 2468 adolescentis

201 2514 260 2585 sed
275 2516 319 2587 ad
339 2517 530 2609 voluptates
552 2515 711 2610 prompti,
732 2537 836 2607 quem
853 2515 961 2608 ipsea
981 2509 1179 2584 libidinibus
1193 2533 1246 2582 re·

200 2641 358 2702 vocatum
375 2632 527 2703 traduxit
536 2632 581 2703 ad
594 2632 750 2718 salutem,
762 2631 903 2724 quique,
922 2629 1079 2700 hortante
1097 2628 1246 2722 quodam

200 2749 324 2836 Stoico,
347 2749 411 2819 sibi
423 2751 530 2820 fatum
549 2749 745 2844 properavit
763 2750 796 2838 ⁶3
818 2746 966 2839 denique
983 2743 1172 2833 Marcelli,
1186 2768 1245 2816 cu·

196 2864 254 2954 jus
287 2865 414 2934 Seneca
440 2865 592 2957 increpat
620 2866 748 2936 luctum
778 2864 980 2935 muliebrem
1018 2863 1243 2954 effusumque,

199 2977 326 3048 amisso
344 2974 426 3065 lilio,
442 2976 594 3049 dolorem
607 2981 633 3046 ⁶.

237 3159 241 3183 ¹
263 3161 357 3218 Quest.
374 3163 426 3209 nat.
443 3158 560 3220 1v‚pral.

233 3243 242 3271 ²
263 3263 278 3293 a
293 3249 359 3296 Sane
377 3246 470 3294 Fabius
493 3245 599 3296 inclinat
618 3245 650 3295 ad
668 3245 754 3299 laudes
774 3247 886 3304 senece,
900 3247 971 3311 cujus
987 3245 1097 3297 omicida
1117 3246 1211 3295 deruit.
1228 3261 1243 3295 n

198 3332 270 3397 (Tuo.
285 3331 360 3386 Ann.
371 3353 427 3390 xnr.
444 3332 502 3400 20.)

231 3423 240 3450 ³
256 3441 270 3470 a
284 3425 420 3474 Claranum
435 3423 636 3487 eondisctpulum
646 3437 732 3474 meum
746 3425 832 3478 vidi...
848 3423 953 3474 rirldem
966 3423 1088 3474 animone
1099 3424 1240 3487 vigentem,

198 3516 298 3561 etcum
318 3512 466 3573 corpusculo
487 3524 533 3561 suo
556 3511 744 3562 colluctantem.
766 3513 856 3574 Inique
871 3512 939 3560 enlm
959 3524 985 3560 se
1008 3515 1095 3561 natura
1118 3508 1203 3572 gessit,
1218 3517 1243 3560 ct

197 3600 273 3649 talem
291 3600 404 3648 animum
426 3601 491 3649 male
505 3599 651 3658 collocavit;
667 3607 711 3650 aut
725 3600 829 3651 lortasse
847 3601 927 3652 voluit
940 3601 988 3649 boe
999 3601 1081 3661 ipsum
1092 3599 1241 3664 ostendere,

198 3699 271 3748 posse
289 3687 420 3750 ingenium
434 3688 598 3738 fortissimum
610 3701 639 3739 ae
652 3690 826 3740 beatissimum
843 3690 889 3740 sub
900 3690 1014 3752 qualibet
1025 3694 1082 3738 enta
1095 3689 1171 3738 latere
1174 3725 1241 3740 ......

197 3775 334 3826 tormosum
358 3775 420 3826 mibi
445 3776 553 3836 ridetur,
577 3781 674 3828 ettam
699 3783 784 3828 rectus
799 3791 919 3842 corpore,
945 3791 1020 3840 qnam
1048 3782 1086 3826 est
1109 3777 1239 3826 animo.»

200 3862 256 3922 (Ep.
272 3860 352 3927 mr.)

236 3947 244 3976 ⁴
259 3951 362 4002 Bassum
371 3952 512 4016 Aufidium,
521 3953 603 4004 virum
612 3953 746 4015 optimum,
758 3954 810 4006 vidi
818 3966 947 4016 quassum,
958 3952 1024 4003 atati
1034 3953 1239 4004 obluctantem...

198 4044 283 4089 tcrnen
297 4041 379 4092 alacer
392 4042 478 4092 animo
491 4047 539 4096 est.
548 4043 602 4092 Hoc
616 4042 774 4106 philosophia
789 4047 903 4106 prestun
917 4043 942 4092 in
958 4055 1116 4105 quocumque
1130 4041 1240 4102 corporis

196 4126 283 4177 bebltu
298 4128 398 4188 tortam,
413 4130 439 4178 tn
455 4134 589 4192 conspectu
610 4131 698 4182 mertis
713 4131 818 4184 hilarem
833 4131 978 4196 letumque,
996 4144 1043 4184 nec
1062 4130 1237 4189 deficientem,

198 4218 311 4276 quamtis
323 4217 461 4268 deficiatur.
477 4235 491 4266 n
504 4216 562 4284 (Ep.
578 4217 653 4288 xxx.)

234 4301 309 4367 5Ερ.
323 4325 419 4357 cxxvrr.

233 4389 303 4457 ‘Ep
319 4413 387 4446 xerx.
