3158 5158
637 455 816 518 --89--·Ι

195 589 466 683 moresimpense
478 588 593 660 laudat
604 588 761 677 ¹.llrant‚
778 591 814 660 ni
833 592 945 678 fallor,
965 587 1228 661 duoseholarum

196 727 333 798 genera,
350 703 426 774 aliis
440 703 622 797 discipulos
638 705 747 775 omnis
760 707 869 778 aetatis
883 704 1136 798 accipientibus,
1156 701 1230 774 aliis

195 820 447 914 nonpopulum,
461 819 520 890 sed
529 842 654 913 paucos
666 830 700 892 et
716 822 839 893 electos
852 820 1119 893 admittentibus.
1140 819 1230 890 Nam

196 935 288 1028 quod
305 934 398 1030 apud
411 934 562 1006 rhetores
571 936 610 1005 in
629 937 907 1008 consuetudinem
920 944 1073 1021 venerat,
1087 933 1123 1004 id
1140 933 1233 1028 apud

197 1049 414 1145 philosophos
427 1060 627 1142 usurpatum
645 1051 749 1122 fuisse
765 1073 886 1122 censeo
897 1054 932 1120 ².
951 1049 1119 1122 Sedebant
1142 1047 1235 1142 apud

196 1177 358 1256 utrosque
377 1185 444 1234 non
459 1165 568 1234 solum
586 1165 741 1238 homines
755 1167 996 1252 adolescentes,
1014 1163 1073 1235 sed
1084 1162 1162 1252 viri,
1179 1161 1234 1232 vel

196 1281 364 1374 praetorii,
392 1288 425 1350 et
450 1281 658 1368 consulares,
678 1283 799 1377 etipse
815 1285 954 1370 Seneca,
969 1282 1038 1352 lere
1052 1291 1237 1372 sexagena·

197 1397 280 1484 rius,
295 1397 535 1467 Metronactem
547 1396 706 1468 audiebat
720 1399 746 1467 ³.

248 1513 334 1582 Eum
351 1533 481 1582 morem
498 1512 769 1584 adolescentibus
788 1514 936 1584 maxime
956 1513 1115 1584 studiosis
1133 1508 1237 1582 fuisse
1283 1525 1389 1589 Litterae

1259 1585 1412 1632 magistrorum

201 1625 342 1719 reperio,
362 1626 421 1697 ubi
433 1626 615 1720 disputatio
631 1636 720 1698 esset
739 1630 886 1721 perlecta
897 1629 1110 1722 populusque
1123 1625 1237 1697 dimit·
1274 1631 1403 1731 apppe-

202 1752 337 1834 teretur,
359 1742 451 1836 apud
475 1743 673 1835 magistrum
697 1766 836 1817 manere
863 1756 895 1816 et
922 1766 1000 1815 cum
1024 1765 1065 1815 eo
1090 1742 1239 1814 eruditos
1280 1738 1394 1794 ΝΟΜ·

202 1879 383 1947 sermones,
406 1866 464 1927 aut
477 1859 623 1928 litterata
638 1860 805 1952 colloquia
823 1860 1012 1946 instituere,
1040 1868 1090 1949 ut,
1106 1858 1134 1928 si
1154 1856 1238 1950 quid

201 1975 339 2045 breuius
354 1973 575 2045 obscurinsve
597 1974 723 2045 dietum
740 1986 842 2063 esset,
866 1974 1146 2070 explanaretur-⁴.
1169 1973 1240 2044 Nec

202 2091 340 2162 deerant
365 2089 539 2184 discipulis
565 2095 825 2178 comntentarii,
854 2092 911 2183 qui
932 2091 1157 2178 summaria,
1184 2089 1240 2159 vel

201 2201 392 2296 breviaria,
433 2204 646 2294 dicebantur,
679 2216 739 2277 aut
767 2202 915 2277 Indices
945 2205 1237 2298 philosophorum,

201 2322 291 2392 unde
304 2321 467 2392 memoria
485 2320 676 2392 reficeretur
690 2323 831 2416 etlapsa
845 2330 1037 2415 resurgeret
1049 2323 1075 2388 ⁵.
1097 2319 1164 2404 Qui
1178 2340 1239 2390 sa-

239 2553 367 2621 ¹Ep.x11.
384 2573 396 2600 a
413 2561 542 2610 Damnum
563 2560 666 2622 quidem
678 2560 767 2611 iecisse
788 2559 972 2623 philosophiam
991 2572 1043 2610 non
1058 2559 1105 2610 erit
1122 2559 1239 2618 dublum,

202 2650 335 2714 postquam
350 2647 482 2710 prostituta
494 2653 550 2700 est:
564 2649 608 2700 sed
620 2653 702 2712 potest
714 2651 741 2699 in
755 2649 927 2712 penetralibus
939 2647 1113 2708 subostendi,
1130 2648 1152 2698 si
1165 2649 1240 2700 modo

202 2749 256 2786 non
267 2735 419 2798 institorem,
431 2738 477 2788 sed
489 2739 628 2789 antistitem
639 2743 713 2788 nacta
722 2743 769 2788 est.
781 2753 795 2784 o

239 2828 249 2858 ²
262 2845 277 2882 <r
289 2833 417 2884 Labienus
429 2834 579 2886 declamavit
595 2848 646 2885 non
659 2835 762 2899 quidem
775 2835 877 2898 populo,
889 2834 934 2885 sed
945 2834 1054 2898 egregie.
1070 2836 1128 2884 Non
1141 2835 1242 2886 admit-

204 2920 273 2971 tebat
284 2921 415 2982 populum,
429 2925 455 2971 et
466 2923 524 2983 quia
534 2922 649 2972 nondum
659 2924 711 2974 bac
722 2923 877 2974 consuetudo
889 2928 943 2973 erat
957 2923 1069 2987 inducta,
1084 2929 1110 2974 et
1123 2924 1181 2987 quia
1193 2937 1242 2985 pu·

204 3008 273 3058 tabat
288 3011 396 3069 turpeac
411 3007 505 3058 frivola
514 3009 665 3070 jactationis.
688 3029 699 3053 ι
717 3010 816 3075 (contr.
835 3030 860 3074 v,
881 3009 960 3072 prat.)
972 3037 1005 3046 —
1020 3028 1033 3058 α
1044 3011 1125 3061 Pollio
1139 3011 1242 3062 Asinius

204 3110 336 3158 nunquam
348 3096 456 3147 admissa
466 3097 628 3148 multitudine
642 3097 792 3148 declamavit
803 3109 811 3149 ε
824 3111 871 3149 nec
883 3099 920 3150 illi
930 3099 1035 3149 ambitio
1048 3099 1074 3148 in
1089 3099 1172 3149 studio
1184 3099 1242 3151 luit.

204 3186 304 3236 Primus
325 3186 395 3236 enim
415 3186 531 3236 omnium
549 3188 731 3246 Romanorum,
755 3185 881 3238 advocatis
904 3185 1066 3250 hominibus,
1086 3187 1177 3249 scripta
1198 3199 1243 3239 sua

206 3275 329 3326 recitavit.
345 3289 361 3326 t>
377 3273 501 3342 (Excerpt.
522 3277 611 3327 contr.
631 3295 667 3340 xv,
682 3273 765 3342 pret.)
776 3301 811 3312 -
823 3287 840 3324 a
852 3273 968 3326 Albutius
986 3287 1032 3338 per
1048 3279 1128 3326 toturn
1147 3288 1244 3326 annum

206 3363 341 3426 quinquies
351 3364 474 3414 sextiesve
488 3364 581 3426 populo
593 3364 706 3430 dicebat,
717 3365 747 3414 ad
768 3368 876 3416 secretas
890 3363 1079 3415 exercitationes
1095 3361 1171 3431 (ejus)
1190 3378 1242 3416 non

206 3453 280 3502 multi
300 3453 520 3516 irrumpebant...
540 3453 604 3504 alius
617 3459 670 3504 erat
683 3467 740 3504 cum
760 3456 839 3505 turbas
859 3467 886 3505 se
903 3453 1079 3518 commiserat3
1102 3451 1165 3503 alius
1186 3465 1244 3504 cum

207 3541 357 3603 paucitatem
368 3545 554 3604 contempserat
557 3575 610 3594 .....
625 3543 731 3592 Memini
750 3543 869 3593 omnibus
883 3541 957 3592 illum
972 3541 1049 3593 rebus
1064 3540 1163 3592 omissis
1177 3541 1244 3604 apud

207 3630 347 3680 Fabianum
361 3631 540 3694 philosophum
561 3635 630 3682 tanto
647 3631 774 3694 iuniorem
788 3645 872 3694 quam·
886 3631 941 3694 ipse
958 3635 1021 3692 erat,
1041 3643 1098 3681 cnm
1117 3631 1245 3682 codicibus

208 3717 306 3768 sedere.
321 3733 335 3765 a
351 3717 449 3783 (contr.
461 3720 480 3769 l.
493 3721 540 3778 Ill,
556 3719 635 3781 prat.)

244 3803 377 3860 ³u0mnes
387 3810 465 3860 stads
479 3810 597 3860 homines
611 3811 664 3860 bac
676 3810 761 3860 schola
776 3809 895 3861 admittit.
910 3825 925 3857 »
935 3811 984 3874 Ep.
998 3828 1085 3862 xxxvi.

245 3893 254 3922 ⁴
271 3912 285 3944 u
297 3899 357 3948 Hac
370 3898 443 3949 nobis
460 3900 594 3962 precipere
611 3900 723 3950 Attalum
738 3899 854 3966 memini,
875 3912 933 3950 eurn
947 3900 1059 3949 scholam
1070 3900 1125 3962 eins
1139 3899 1244 3950 obside·

209 3995 302 4045 remus,
315 3991 340 4036 et
352 3986 427 4047 primi
442 3988 599 4046 veniremus,
616 3993 642 4038 at
653 3987 783 4038 novissimi
793 3987 917 4041 exiremus
932 4000 940 4047 ;
955 3986 1128 4038 ambulantem
1144 3998 1246 4050 queque

209 4072 281 4122 illum
295 4074 326 4124 ad
340 4075 436 4138 aliquas
447 4076 629 4140 disputationes
643 4078 819 4142 excitaremus,
833 4089 884 4128 non
904 4081 1003 4128 tantum
1015 4082 1128 4138 paratum
1146 4075 1246 4126 discen·

208 4161 285 4221 tibus,
299 4163 344 4212 sed
356 4163 468 4216 obvium.
483 4179 498 4215 >i
515 4165 575 4231 (Ep.
590 4161 671 4234 evin.)
684 4191 720 4204 -
734 4181 750 4214 a
761 4165 843 4216 Dabat
854 4165 923 4216 enim
938 4177 1003 4227 sepe
1020 4169 1077 4226 post
1087 4163 1246 4227 quotidianas

209 4249 329 4300 lectiones
345 4251 450 4317 (Taurus
462 4253 638 4322 philosophus)
649 4255 780 4319 quarendi
801 4255 868 4318 quod
887 4255 943 4317 quis
961 4253 1037 4305 vellet
1052 4257 1211 4317 potestatem.
1229 4265 1245 4302 a

210 4340 277 4403 (Aul.
291 4340 357 4390 Geli.
374 4341 393 4393 l.
404 4343 425 4402 l,
441 4339 494 4408 πθ).

168 4443 170 4453 ·
247 4426 255 4456 ⁵
270 4431 319 4492 Ep.
331 4447 421 4482 xxxix.
