3158 5158
864 769 909 840 X.

368 982 403 1032 lie
412 980 536 1032 Demetrio
549 978 643 1046 Cynico
654 993 684 1032 ao
693 979 808 1030 Musonio
824 979 910 1030 stoico.
923 1005 954 1017 -
964 980 999 1030 De
1009 979 1073 1032 Julio
1087 980 1166 1041 Cano,
1183 981 1341 1044 Metronacte,
1354 983 1413 1032 Mo-

398 1061 484 1111 derato
494 1061 703 1126 pythagorico-
712 1061 746 1110 De
756 1061 861 1123 Lucilio,
871 1060 1008 1125 ceterisque
1022 1061 1124 1111 Senecae
1141 1061 1242 1120 amicis,
1257 1069 1283 1111 et
1297 1063 1413 1126 philoso-

363 1166 366 1175 ·
399 1142 473 1206 phiae,
493 1140 598 1192 Neronis
614 1149 735 1206 tempora,
756 1141 875 1192 studiosis
886 1140 954 1191 viris.
965 1167 998 1178 -
1015 1141 1065 1191 Gur
1083 1140 1192 1191 studium
1206 1141 1348 1205 Sapientiae,
1363 1143 1413 1194 snb

397 1230 502 1272 mortem
515 1222 625 1282 Senecae,
638 1222 770 1272 concidere
780 1229 805 1272 et
813 1222 935 1286 exstingui
945 1222 1030 1272 visum
1041 1223 1082 1274 sit.
1097 1250 1127 1260 -
1141 1223 1217 1273 Liber
1228 1223 1392 1275 concluditur.

415 1391 541 1465 Habuit
568 1393 708 1479 Seneca,
728 1392 831 1463 etiam
851 1413 927 1461 oum
949 1391 1099 1464 maxime
1120 1391 1214 1487 apud
1240 1393 1411 1465 Neronem

367 1509 477 1602 gratia
491 1508 638 1591 floreret,
661 1509 695 1578 in
713 1509 851 1579 cohorte
864 1509 1052 1580 amicorum
1069 1507 1303 1600 Demetrium,
1321 1511 1413 1604 cyni-

367 1647 417 1697 cae
435 1623 652 1695 institutionis
671 1623 924 1718 philosophum.
943 1625 986 1695 Et
1003 1625 1069 1696 hoc
1094 1624 1263 1719 praediviti
1282 1647 1322 1696 ao
1340 1647 1410 1720 po-

367 1739 556 1812 tentissimo
581 1739 657 1809 viro
683 1739 774 1810 laudi
800 1749 933 1810 vertam
959 1740 1052 1832 quod
1076 1739 1289 1810 seminudum
1314 1741 1409 1812 ilium

367 1855 573 1945 Graeculum,
595 1854 745 1925 omnium
774 1877 887 1926 rerum
914 1855 1134 1948 indigentem,
1167 1856 1227 1928 scd
1252 1857 1412 1928 doctrinae

368 1969 546 2041 severitate
558 1969 709 2062 vitaeque
723 1969 914 2042 innocentia
927 1971 1205 2064 probatissimum
1219 1972 1254 2041 in
1268 1971 1411 2044 familia·

368 2085 467 2157 ritate
485 2107 547 2155 sua
567 2086 753 2156 retinuerit.

417 2201 618 2291 Demetrius,
631 2203 810 2296 utopinor,
825 2222 999 2294 nunquam
1011 2202 1047 2272 in
1060 2202 1176 2274 schola
1190 2202 1316 2293 docuit,
1333 2204 1407 2291 sed,

367 2339 463 2389 more
479 2318 602 2411 prisco,
623 2318 716 2413 apud
738 2318 877 2405 amicos,
899 2319 953 2390 vei
982 2318 1016 2386 in
1037 2319 1271 2405 conventibus,
1298 2319 1349 2388 vei
1373 2318 1410 2387 in

368 2436 480 2523 turba,
497 2445 596 2528 prout
614 2434 747 2505 occasio
760 2434 878 2504 aderat
892 2443 925 2504 et
940 2434 1250 2525 ferebatvoluntas,
1262 2435 1410 2526 philoso-

368 2550 550 2644 phabatur.
569 2550 619 2620 Eo
640 2572 721 2620 usus
745 2559 795 2620 est
819 2552 945 2621 Seneca
968 2557 1005 2620 ut
1025 2549 1252 2621 sevcrioribus
1267 2551 1409 2645 cynico-

368 2688 445 2735 rum
457 2667 616 2736 institutis
631 2667 798 2737 licentiam
817 2687 960 2737 summae
971 2665 1130 2762 potentiae
1144 2667 1178 2735 iu
1192 2667 1304 2760 seipso
1316 2687 1409 2738 coer·

368 2788 477 2869 cerei,
496 2803 599 2874 seque
616 2803 637 2851 a
656 2781 793 2852 iuxuria
812 2781 1064 2852 circumfluente
1087 2779 1296 2854 defenderet.
1318 2783 1409 2874 Ergo

368 2897 467 2991 quasi
490 2918 622 2968 morum
637 2898 826 2986 custodem,
848 2897 981 2968 virtutis
998 2897 1212 2990 magistrum,
1234 2907 1267 2968 ct
1291 2908 1410 2970 contra

369 3015 506 3109 publica
528 3015 610 3086 vitia
628 3017 832 3087 advocatum
849 3015 1084 3087 arcessiverat.
1114 3015 1218 3104 Cujus
1244 3017 1411 3108 praeclara

369 3132 457 3203 dicta
474 3133 601 3225 saepius
619 3132 654 3201 in
672 3132 767 3202 libris
787 3133 925 3202 Senecae
937 3139 1132 3202 occurrunt.
1142 3131 1230 3201 Nam
1239 3131 1269 3200 is
1287 3131 1322 3199 in
1338 3132 1409 3200 De-

368 3249 488 3321 metrio
505 3250 623 3321 laudat
638 3256 885 3343 paupertatem,
908 3270 975 3318 non
997 3248 1089 3318 iiiam
1110 3247 1249 3339 quidem
1272 3247 1409 3318 affecta-

367 3373 437 3435 tam
456 3374 490 3436 et
501 3365 729 3451 ambitiosam,
745 3363 807 3434 sed
824 3385 942 3434 veram
960 3362 990 3454 1;
1011 3373 1178 3456 praeterea
1196 3363 1332 3435 vivendi
1349 3385 1410 3454 ge·

367 3503 434 3550 nus
463 3503 531 3552 non
561 3481 664 3552 modo
688 3490 811 3566 tenue,
836 3478 895 3550 sed
918 3501 1101 3571 asperum,
1123 3479 1342 3572 animumque
1373 3478 1410 3547 in

368 3597 471 3667 rebus
494 3596 645 3668 adversis
664 3597 808 3667 ferocem
828 3607 862 3667 et
882 3596 1036 3667 laborum
1055 3605 1226 3666 amantem
1248 3597 1275 3668 ².
1304 3596 1409 3665 Eum·

407 3790 413 3818 ¹
429 3795 503 3846 Hunc
512 3798 605 3844 vocat:
622 3795 731 3845 «rtrum
743 3793 905 3858 acerrimum,
923 3797 949 3844 et
965 3797 1054 3844 contra
1072 3793 1158 3843 omnia
1172 3797 1268 3842 natura
1285 3792 1410 3843 desideria

369 3885 541 3944 pugnantem
556 3883 604 3932 hoc
614 3883 799 3944 pauperiorem,
813 3894 888 3943 quam
905 3882 981 3931 ceteri
994 3881 1084 3943 cynici,
1101 3881 1168 3943 qnod
1185 3893 1242 3930 curn
1262 3879 1309 3929 sibi
1324 3879 1408 3929 inter-

370 3972 460 4021 dixerit
469 3971 572 4034 habere,
588 3971 717 4022 interdixit
729 3975 754 4021 et
768 3983 879 4033 poscere.
896 3983 912 4018 tr
929 3967 976 4038 (De
991 3971 1049 4020 Vita
1061 3971 1130 4020 beat.
1143 3968 1196 4032 18.)

405 4057 414 4086 ²
429 4061 525 4108 «Inter
537 4061 615 4110 muita
632 4059 764 4123 magnifica
775 4058 897 4109 Demetrii
913 4059 1006 4118 nostri,
1022 4061 1047 4108 et
1061 4059 1114 4108 trac
1127 4071 1173 4108 vor
1184 4062 1222 4107 est
1232 4071 1247 4106 a
1259 4069 1307 4118 qua
1322 4068 1409 4106 recens

367 4162 433 4201 sum.
449 4150 528 4198 Sonat
539 4148 620 4199 adhuc
633 4151 659 4199 et
668 4149 750 4199 vibrat
759 4149 787 4198 in
800 4147 902 4198 auribus
915 4146 1117 4208 meis.-Nihii‚
1134 4147 1218 4209 inquit
1238 4145 1300 4195 mitri
1311 4146 1410 4196 videtur

365 4239 492 4292 intelicius
507 4237 587 4287 eocui
602 4238 665 4287 nihii
679 4251 791 4300 unquam
804 4238 889 4288 evenit
900 4237 1030 4289 adversi.»
1047 4232 1097 4303 (De
1108 4231 1191 4286 Pron.
1208 4230 1247 4302 5.)
1263 4235 1409 4298 «Magnifi-

366 4329 473 4388 centior,
489 4326 651 4385 mihicrede,
672 4339 755 4377 sermo
772 4331 830 4376 tuus
849 4327 874 4375 in
889 4326 991 4388 grabato
1005 4326 1132 4377 ridebitur
1150 4330 1176 4376 et
1196 4325 1221 4374 in
1243 4336 1337 4386 panno.
1351 4325 1409 4372 Non

370 4417 440 4471 cuim
461 4416 576 4468 dicentur
594 4421 691 4470 tantum
711 4417 769 4477 iiia,
781 4415 825 4466 sed
837 4415 1018 4480 probabuntur.
1036 4419 1086 4481 Ego
1100 4420 1167 4468 certe
1182 4414 1255 4466 aiitcr
1271 4412 1346 4466 audio
1355 4426 1412 4478 quac
