3168 5150
652 505 793 562 ...33-

208 659 226 692 »
253 628 389 706 induxit
414 627 616 722 philosopho
643 629 742 702 valde
766 628 941 720 indignam
959 628 986 694 ².
1003 652 1021 694 ν
1048 627 1154 699 Multo
1168 627 1240 698 alia

204 745 451 838 conscripserat
466 763 569 846 opera
580 743 798 815 Philodemus
812 763 971 836 quorum,
986 742 1059 814 sive
1067 743 1238 837 reliquias,

205 860 277 932 sive
301 859 423 930 titulos¹
443 867 608 930 tenemus.
637 861 699 932 Est
719 861 755 930 in
779 857 1082 930 herculaneusibus
1099 858 1243 944 volumi-

206 977 307 1046 nibus
326 969 414 1044 liher
433 970 479 1044 de
497 978 655 1063 musica,
675 976 735 1045 ubi
756 975 846 1046 hauc
868 973 1067 1046 seutentiam
1090 973 1242 1062 animad-

207 1099 321 1174 vertas
341 1113 348 1156 :
371 1113 388 1156 c
404 1089 542 1160 minime
556 1091 601 1161 ad
614 1089 776 1162 colendos
789 1091 878 1161 Deos
898 1089 1026 1160 musica
1050 1109 1136 1180 opus
1155 1109 1241 1174 esse,

207 1204 368 1297 quoniam
382 1204 436 1273 Dii
454 1205 593 1276 musicae
608 1227 675 1278 nou
692 1216 812 1298 egeant.
826 1207 854 1274 ὓ.
875 1235 892 1270 ν
909 1204 1068 1299 Reperias
1082 1203 1184 1274 eliam
1203 1203 1248 1273 de

208 1321 354 1392 Homero
373 1325 658 1411 commentarios,
676 1351 693 1386 a
708 1345 811 1415 quam
826 1322 915 1392 utilis
939 1321 982 1392 sit
995 1320 1077 1392 uitae
1093 1327 1127 1391 et
1143 1318 1246 1389 mori·

208 1436 275 1507 bus
284 1435 338 1506 bic
350 1444 466 1530 poete;
486 1462 503 1506 ν
517 1437 609 1529 quod
622 1447 655 1509 et
672 1438 828 1509 Horatius
839 1437 873 1506 in
888 1437 1036 1530 Epistola
1046 1436 1089 1507 ad
1103 1435 1246 1506 Lollium

210 1553 388 1624 edisseruit
400 1555 426 1621 ³.
448 1555 487 1624 ln
505 1553 591 1624 libro
609 1551 655 1624 de
671 1553 750 1624 Diis
765 1555 1005 1647 Epicureorum
1024 1554 1159 1624 decreta
1172 1560 1249 1621 tue·

215 1668 482 1756 tor‚Stoic0rum
491 1691 573 1740 vero
582 1669 757 1762 opiniones
765 1677 940 1765 oppugnat
951 1669 976 1736 4.
993 1667 1248 1762 Cynicosetiam

209 1783 391 1872 lacessivit,
416 1807 493 1854 oum
515 1781 817 1884 Philosophorum
841 1789 941 1854 citas
964 1785 1099 1878 scripsit
1119 1786 1146 1854 ⁵.
1168 1782 1250 1854 lnde

209 1913 302 1997 patet
321 1903 553 1976 Philodamum
574 1890 780 1978 acerrimum
795 1907 971 2001 Epicureae
996 1905 1122 1976 scholae
1141 1905 1249 1975 lauto·

208 2021 413 2108 remisisse,
434 2043 498 2092 nec
511 2021 693 2113 inglorium
710 2025 736 2090 ⁰.

259 2137 456 2228 Complures
465 2133 596 2231 reperio
606 2139 699 2232 apud
709 2139 845 2208 Graecos
854 2136 1024 2208 Aristoteli
1034 2135 1167 2206 dedisse
1176 2155 1251 2228 ope·

211 2272 298 2322 ram.
319 2253 420 2339 Nem,
448 2261 570 2346 praeter
590 2249 858 2323 Alexandrum
879 2249 984 2321 illnm
1004 2249 1184 2348 AEgeum',
1208 2251 1251 2322 de

213 2366 485 2460 quomododixi‚
508 2365 732 2438 Xenarchum
745 2369 899 2462 quidam,
916 2367 1089 2439 Strabonis
1102 2387 1251 2462 praecep·

213 2493 279 2574 tor,
309 2483 461 2556 Seleucia
488 2485 664 2574 oriundus,
692 2485 947 2572 Alexandriam
976 2506 1057 2555 mox
1081 2483 1248 2571 Athenas

212 2610 382 2694 postremo
396 2602 538 2672 Romam
551 2602 656 2689 venit,
679 2601 791 2695 ibique
809 2602 853 2672 ab
865 2600 953 2672 Areo
963 2601 1087 2673 Caesari
1099 2599 1254 2692 Augusto

213 2715 357 2787 traditus
375 2738 442 2787 non
452 2717 524 2786 sine
533 2717 641 2807 gralia
653 2717 752 2786 vixit.
767 2718 858 2788 luter.
872 2717 1109 2811 peripateticos
1124 2739 1144 2787 a
1159 2717 1251 2787 Stra-

213 2829 303 2902 bone
332 2833 515 2902 refertur⁷.
536 2829 751 2920 Athenaeus,
778 2835 898 2926 patriae
915 2832 1064 2924 ejusdem
1092 2852 1133 2903 ac
1157 2831 1256 2903 disci·

213 2946 332 3039 plinae,
350 2947 385 3015 in
403 2947 589 3018 amicitiam¹
610 2949 762 3048 lllorenae
783 2949 872 3018 illius
894 2958 1050 3043 receptus
1067 2956 1118 3018 est
1135 2947 1194 3039 qui
1212 2947 1255 3018 de

215 3061 417 3134 trucidando
443 3062 593 3156 principe
613 3064 785 3154 cogitavit.
812 3063 863 3133 Ob
884 3064 974 3134 hano
995 3084 1134 3134 causam
1151 3061 1256 3132 Roma

216 3178 381 3271 profugus
393 3176 595 3265 Athenaeus
615 3200 697 3249 mox
708 3157 968 3270 fugaretractus
985 3187 1018 3251 et
1031 3179 1202 3271 conjectus
1221 3177 1255 3246 in

254 3415 261 3442 ¹
279 3420 310 3467 In
323 3419 385 3469 Luc.
398 3417 563 3479 Calpurnium
575 3417 675 3477 Pisum,
685 3417 725 3468 cb.
741 3435 832 3469 xxmr.
843 3441 879 3456 -··
889 3420 927 3469 De
941 3418 989 3469 hoc
1002 3417 1057 3468 loco
1068 3418 1191 3468 Asconius
1205 3419 1258 3492 ΡΘ·7

218 3505 324 3556 dianus:
335 3518 351 3556 u
358 3504 538 3556 Philodamum
548 3503 674 3566 siguificat
682 3507 726 3568 qul
737 3505 785 3556 tuit
795 3507 934 3570 Epicureus
942 3506 986 3558 illa
994 3511 1066 3558 stete
1075 3506 1259 3571 nobilissimus,

217 3595 288 3658 cujus
302 3597 418 3656 poemata
431 3597 491 3645 sunt
505 3593 605 3644 lasciva.
618 3608 633 3640 ν

253 3679 263 3708 ²
283 3681 363 3743 Capul
377 3701 405 3732 11.

254 3767 264 3797 ³
283 3766 341 3830 Περὶ
353 3771 393 3818 τοῦ
406 3765 457 3818 καθ’
470 3764 572 3836 Ὀμήρον
585 3766 674 3838 ἀγαθοῦ
690 3765 750 3836 icio.
762 3792 797 3806 -
810 3770 897 3821 Horol-
911 3771 960 3834 Ep.
972 3773 990 3822 l.
1005 3774 1032 3838 1,
1043 3770 1071 3825 2.

254 3856 262 3886 ⁴
283 3854 342 3928 ssepi
353 3860 394 3914 τῆς
406 3859 452 3906 τῶν
461 3861 527 3906 Θεῶν
537 3857 719 3924 εὐστοχονμένης
732 3853 853 3927 διαγωγῆς
865 3855 926 3908 κατὰ
939 3857 1044 3912 Ζήνωνα.
1057 3859 1158 3927 (Neap.,
1171 3863 1189 3910 ῑ.
1197 3855 1256 3924 vl.)

255 3945 264 3974 ⁵
283 3945 340 4016 Περὶ
354 3951 400 3996 τῶν
416 3944 555 4014 φιλοσόφων.

255 4034 264 4064 ⁰
283 4037 397 4087 Aliorum
417 4051 522 4100 operum
544 4049 599 4099 que
619 4036 700 4086 adbuc
718 4037 893 4088 desiderantur
912 4037 978 4088 llluli
993 4052 1001 4088 τ
1017 4035 1075 4107 Περὶ
1098 4036 1208 4088 πλούτου.
1224 4064 1258 4074 -

219 4121 278 4194 Περὶ
294 4124 439 4194 ποιημάτων.
454 4152 489 4163 -
503 4122 561 4194 Περὶ
580 4123 687 4175 θανάτου.
702 4153 734 4163 -
753 4121 810 4193 Περὶ
830 4125 973 4194 φαινομένων
991 4124 1031 4177 καὶ
1048 4126 1208 4196 σημειώσεων.
1225 4154 1259 4164 -

219 4210 278 4282 Περὶ
292 4210 436 4282 Ἐπικούρου.
449 4239 485 4253 -
500 4212 558 4282 Περὶ
573 4211 676 4282 χάριτος.
689 4241 724 4254 -
735 4215 780 4265 Est
794 4216 868 4265 eliam
882 4215 947 4266 liber
958 4213 1011 4286 sepi
1025 4214 1111 4266 κακίων
1126 4229 1201 4282 quem
1216 4217 1258 4266 di·

218 4309 279 4356 cunt
300 4305 372 4355 tertio
390 4309 457 4355 tomo
476 4305 599 4355 rolumlu.
615 4305 791 4358 herculaneus.
808 4307 906 4368 inesse;
926 4311 953 4360 ut
971 4309 1039 4359 bunc
1052 4319 1136 4372 neque
1150 4305 1259 4366 librum,

218 4407 302 4458 neque
316 4398 412 4444 tomum
427 4395 575 4456 reperimus.

257 4481 264 4510 ⁷
283 4483 366 4534 strab.
380 4483 399 4532 l.
414 4484 482 4545 XIV,
496 4484 565 4532 XVI.
