3158 5158
602 430 743 483 -87-

162 555 330 649 quoslihet
343 553 514 626 auditores
531 553 693 625 doetrinae
709 547 861 624 decreta
872 553 1103 644 rulgahautur
1115 553 1142 624 ¹.
1157 551 1202 626 At

164 671 250 740 ratio
267 667 413 760 dicendi,
426 689 494 762 qua
507 669 704 757 utebantur,
720 667 840 739 ordine
850 665 999 761 quidque
1014 687 1088 759 suo,
1100 679 1201 763 pmnt

163 809 246 858 usus
267 786 440 880 poscebat,
470 787 669 858 collocabat.
692 786 769 856 Nou
788 785 922 856 silentio
942 787 1200 879 praetermittam

161 900 253 972 Anu.
280 903 444 972 Seuooam
465 899 642 973 eonsilium
662 900 791 994 oepisso
811 909 916 972 artem
932 899 1116 992 quamdam
1139 903 1198 972 ali·

160 1018 298 1112 quaudo
312 1018 486 1106 tradendi,
506 1017 618 1112 qualis
629 1021 664 1088 in
679 1013 822 1088 dicendo
836 1016 1003 1110 sapientes
1024 1017 1153 1107 deceat,
1168 1025 1202 1090 el

155 1128 407 1234 philosophicae
440 1129 650 1229 eloquentiae
680 1131 826 1225 speciem
848 1139 883 1202 et
905 1131 1048 1203 sormam
1081 1129 1201 1202 adum·

161 1248 283 1320 brandi
302 1249 329 1316 ².

209 1365 308 1434 Nune
321 1362 379 1455 qui
394 1363 661 1435 monthomanis
675 1362 886 1458 philosophis
898 1358 1199 1453 scribendieolor,

162 1501 240 1572 quae
253 1480 435 1550 verborum
454 1477 653 1575 elegantia,
666 1501 747 1573 quae
756 1481 970 1577 compositio,
986 1479 1053 1550 hoo
1063 1499 1132 1550 uno
1142 1479 1203 1551 ah-

163 1597 314 1667 solvam:
344 1633 387 1650 -
412 1596 692 1690 Philosophorum
711 1595 820 1667 oratio
839 1595 1023 1688 plurimum
1045 1605 1201 1666 eoontu·

164 1712 279 1782 bornio
297 1712 470 1782 rhetorum
488 1713 606 1783 traxit.
627 1713 713 1783 Nam
732 1711 826 1805 quod
838 1711 882 1781 de
900 1711 1051 1782 Fabiano
1068 1711 1202 1804 Papirio

164 1825 411 1914 adnotavimus,
424 1826 483 1919 qui
498 1826 598 1897 simul
611 1826 701 1920 apud
708 1825 926 1920 philosophos
939 1834 973 1900 et
986 1825 1202 1898 scholasticos

163 1942 260 2028 sedit,
278 1941 378 2013 modo
391 1942 425 2011 in
439 1944 684 2012 controuersiis
696 1944 956 2038 suasoriisque,
969 1941 1116 2012 modoin
1135 1943 1201 2016 dis·

161 2058 392 2152 putationibus
409 2067 578 2148 versatus,
599 2058 666 2128 hoo
674 2057 716 2128 de
729 2055 847 2128 ueteris
865 2056 1135 2130 adolescentibus
1149 2061 1199 2132 di·

161 2172 305 2244 cendum
327 2183 390 2244 est.
409 2174 526 2266 Igitur,
546 2174 714 2244 celebrata
735 2193 755 2242 a
775 2171 1059 2242 declamatoribus
1079 2175 1198 2268 verba,

162 2288 289 2382 pingue
312 2297 346 2358 et
367 2288 540 2382 adipatum
559 2288 691 2361 dicendi
712 2309 831 2380 genus,
854 2294 993 2378 argutas
1014 2287 1201 2383 brevesque

162 2407 358 2495 sententias,
370 2407 604 2480 translationes
617 2405 775 2495 auduom,
798 2404 994 2498 figurasque
1011 2413 1108 2476 extra
1121 2427 1201 2479 mo-

162 2521 244 2592 dum
263 2523 402 2616 positas,
424 2545 443 2594 e
469 2523 641 2596 rhetorum
664 2521 787 2593 sobolis
808 2521 843 2591 iu
862 2520 1009 2592 sacraria
1026 2519 1201 2614 sapientia

161 2637 374 2728 immigrasse
391 2638 534 2710 dixerim
552 2639 579 2708 ³.
597 2638 754 2730 Jamipse
764 2635 932 2706 Fabianus
949 2635 1120 2707 fastidium
1129 2658 1201 2710 mo·

162 2755 277 2842 vebat,
298 2757 343 2826 oh
365 2774 487 2848 parum
508 2755 633 2826 aulam
656 2754 855 2839 orationem,
881 2761 915 2824 et
939 2751 1061 2846 prioris
1087 2754 1202 2826 saeouli

163 2869 410 2962 simplieitatem
424 2870 451 2938 ⁴.
477 2871 514 2940 lu
526 2871 583 2940 illo
600 2869 884 2942 desiderabantur
902 2869 1009 2940 aculei
1030 2869 1202 2963 subitique

162 2983 249 3054 ictus
263 2983 518 3070 sententiarum,
539 2991 573 3053 et
589 3005 735 3074 gemmae
754 2982 922 3071 dictionis,
948 2983 1201 3074 verborumque

162 3099 333 3191 fulgores:
354 3099 472 3191 etipse
486 3096 579 3192 (quis
598 3097 713 3168 eredat
723 3093 750 3192 l)
768 3098 896 3166 Seneca
911 3096 1075 3166 Lucilium
1086 3107 1202 3168 monet

163 3223 201 3284 ut
217 3214 469 3308 diuendigeuus
482 3213 642 3307 simplex,
661 3222 831 3308 apertum,
845 3221 879 3283 et
896 3211 1076 3283 candidum
1095 3220 1200 3284 seete·

201 3437 206 3464 ¹
222 3441 269 3501 Ep.
278 3459 339 3493 xcv.

199 3527 208 3555 ²
226 3529 259 3579 v.
275 3541 317 3591 ep.
332 3545 375 3591 nr,
387 3529 431 3578 uhi
455 3527 487 3578 de
506 3527 712 3590 phllosophorum
736 3527 860 3586 oratione,
885 3531 910 3578 et
933 3525 1023 3576 studita
1044 3525 1201 3576 audientium

164 3621 259 3668 seneca
270 3619 370 3668 disserit
385 3630 392 3668 :
409 3617 639 3668 «Permittendum
659 3619 707 3668 erit
726 3617 861 3680 aliquando
878 3614 1014 3680 juvenitur
1032 3616 1103 3678 sequi
1117 3615 1202 3677 tmpe-

164 3709 217 3754 tum
232 3704 309 3754 enimi
320 3705 355 3768 (id
366 3710 404 3756 est
414 3705 556 3772 plaudere):
569 3712 629 3756 tuno
641 3711 725 3756 autern
735 3707 782 3755 hoo
795 3719 825 3756 ex
833 3705 926 3768 impetu
940 3704 1040 3762 lactent,
1052 3717 1109 3754 urm
1121 3704 1204 3754 allen*

166 3793 225 3844 tium
237 3794 284 3842 sibl
293 3795 419 3862 imperare
430 3809 482 3846 uon
493 3801 621 3858 poterunt.
633 3796 701 3846 Talis
710 3795 821 3846 laudatio
833 3795 930 3857 uttoutu
943 3793 1122 3846 exhortationis
1130 3793 1205 3846 {liert

164 3883 224 3944 ipsis
237 3882 409 3948 audientibus,
425 3889 450 3934 et
462 3885 560 3936 animos
573 3884 728 3934 audientium
742 3885 896 3934 exstimulat.
908 3883 948 3934 Ad
963 3896 1017 3934 rem
1028 3894 1204 3934 commortuu-

164 3974 214 4025 tur,
230 3981 281 4018 non
296 3969 328 4019 ad
343 3971 419 4020 verba
429 3971 574 4034 composita.
590 3971 692 4034 Alioqui
705 3970 837 4022 uocetillls
854 3968 1042 4032 eloquentiae
1056 3981 1205 4022 noureruuu

164 4054 326 4117 cupiditatem
343 4058 409 4120 tacit,
422 4060 466 4110 sed
488 4061 536 4112 sut.
553 4055 686 4129 Differam
703 4055 794 4110 doeio
810 4055 950 4126 presenti.
966 4052 1110 4108 Desiderat
1129 4053 1203 4110 euim

162 4141 310 4214 propriam
323 4151 347 4198 et
360 4143 473 4215 tanqam
487 4147 699 4214 aestuationem,
710 4144 940 4218 quemadmodum
950 4142 1054 4218 populo
1064 4142 1199 4199 disseren-

164 4228 241 4298 dum,
255 4230 323 4301 quid
329 4229 380 4287 aldi
392 4231 608 4306 opudpopulum
615 4231 840 4306 permittendum,
852 4231 922 4306 quid
929 4231 1030 4305 populo
1042 4229 1118 4301 opud
1127 4246 1164 4286 se.
1189 4250 1200 4276 ι

200 4319 210 4350 ¹
228 4325 276 4386 Ep.
290 4343 356 4388 extr,
367 4345 423 4376 oxu.

202 4409 272 4475 ‘Ep
289 4432 313 4463 u.
