3158 5158
811 380 952 436 rbi-

358 506 423 586 uti
438 495 549 585 usus
568 503 616 581 ub
627 508 726 582 omui
731 519 840 603 purte
856 517 1045 602 suspectus
1063 519 1132 598 ert,
1140 517 1401 602 puguupuru·

358 637 450 700 tum.
479 620 601 710 Idem,
626 624 753 718 iuquit,
785 623 930 716 sapiens
951 613 1083 716 fucere
1115 617 1220 696 debet
1242 630 1250 687 ε’
1271 614 1403 690 'omues

358 743 513 818 uirtutes
528 759 620 812 suas
643 733 805 834 undique
826 733 1034 834 expandat,
1054 749 1095 810 ut
1115 733 1333 832 ubicumque
1346 739 1404 806 iu-

346 852 442 953 festi
456 848 601 951 aliquid
613 855 740 941 oritur,
757 849 833 921 illic
850 866 991 949 purutu
999 848 1176 949 prus-utta
1194 855 1278 937 sint,
1295 865 1329 920 et
1350 845 1406 922 ud

358 983 492 1039 nutum
502 971 657 1064 regentis
670 972 746 1044 siue
770 965 934 1042 tumultu
951 965 1205 1068 respondeum.
1233 962 1347 1063 Quod
1366 971 1403 1036 in

356 1081 580 1158 exercitibus
605 1081 659 1154 liis
684 1108 774 1181 quos
800 1087 1030 1182 imperatores
1055 1087 1187 1180 'magni
1216 1079 1401 1170 ordinant,

354 1200 436 1288 fieri
448 1199 634 1289 uidemur,
652 1215 694 1272 ut
713 1205 900 1299 imperium
915 1197 1023 1272 duris
1036 1200 1147 1274 simul
1158 1225 1280 1272 omnes
1297 1204 1405 1299 cupite

357 1320 532 1404 seritiuut,
563 1320 616 1390 sic
634 1314 828 1415 dispositu,
853 1329 894 1388 ut
920 1321 1069 1414 siguum
1093 1314 1141 1392 ub
1157 1343 1230 1388 uuo
1256 1315 1403 1405 dutum,

354 1427 512 1531 peditem
527 1430 639 1504 simul
651 1436 872 1530 equitemque
889 1448 1083 1530 percurrat
1103 1461 1112 1504 :
1129 1431 1197 1504 ltoc
1215 1431 1405 1530 aliquanto

359 1551 479 1644 magis
493 1553 740 1623 necessarium
755 1571 832 1618 esse
846 1545 962 1635 uobis,
972 1545 1125 1620 Sextius
1139 1553 1203 1622 uit.
1212 1603 1235 1620 ..
1251 1546 1405 1647 Sapiens

359 1679 485 1738 autem
509 1662 566 1737 ad
586 1677 729 1739 omnem
760 1669 951 1739 incursum
983 1670 1147 1738 munitus
1172 1681 1207 1738 et
1230 1670 1402 1752 iuteutuS,

359 1785 484 1856 nonu
503 1781 722 1880 paupertas,
741 1805 813 1852 uon
839 1787 871 1852 si
895 1778 1035 1869 luctus,
1052 1807 1125 1853 nou
1144 1786 1176 1853 si
1192 1786 1404 1880 ignominia,
1446 1803 1448 1810 ·
1560 1769 1561 1776 ἵ

360 1919 432 1966 uon
454 1899 489 1969 si
499 1893 605 1970 dolor
616 1901 785 1996 impetum
790 1895 935 1992 faciut,
951 1893 1235 1998 pedemreseret.
1250 1897 1406 1968 Interri-

361 2022 422 2080 tus
446 2025 628 2082 eteoutru
649 2011 717 2085 illu
733 2006 809 2099 ibit,
837 2026 872 2083 et
891 2016 982 2084 iuter
1006 2011 1048 2086 ill
1088 2013 1113 2087 ¹.
1144 2042 1162 2082 s
1180 2055 1225 2067 —
1248 2013 1403 2084 Vividam

360 2129 656 2216 summationem,
672 2129 892 2222 romanisque
904 2129 1114 2204 auditoribus
1131 2125 1334 2224 placentem!

389 2242 464 2315 -Ex
482 2243 523 2316 iis
548 2265 627 2336 quae
653 2245 726 2336 jam
763 2244 807 2315 de
840 2254 988 2336 utroque
1001 2244 1165 2333 diximus,
1189 2244 1339 2336 seqnitur
1371 2251 1409 2312 ut

361 2349 512 2431 scientiae
530 2379 664 2428 morum
679 2359 862 2452 plurimum
890 2381 1005 2452 operae
1025 2360 1190 2432 dederint.
1211 2359 1298 2430 Nam
1319 2360 1408 2430 Sex-

360 2472 428 2545 tius
444 2473 574 2546 solebat
595 2475 781 2568 praecipere
799 2475 973 2546 iracundis
1000 2485 1051 2564 ut,
1078 2477 1159 2552 dum
1187 2475 1239 2547 ira
1258 2475 1405 2561 saeviret,

360 2589 538 2681 speculum
567 2577 770 2684 aspicerent,
793 2599 831 2662 ut
855 2591 1007 2666 loeditate
1025 2591 1120 2664 visus
1150 2612 1171 2660 a
1190 2589 1329 2660 libidine
1347 2589 1409 2660 de-

362 2712 571 2780 terrerentur
581 2707 609 2774 ².
626 2706 719 2782 Idem
738 2705 902 2797 quotidie,
918 2728 996 2780 cum
1010 2707 1321 2800 advesperasceret,
1336 2705 1410 2776 ani-

359 2841 454 2896 mum
485 2821 725 2922 interrogabat,
759 2829 933 2914 totumque
962 2823 1052 2900 diem
1076 2823 1147 2914 jam
1184 2822 1408 2915 compositum

361 2935 589 3032 scrutabatur,
620 2959 640 3006 a
664 2958 699 3007 se
724 2938 812 3009 lacta
830 2937 987 3031 dictaque
1005 2939 1195 3027 remetiens,
1224 2937 1319 3008 etde
1339 2958 1408 3007 uno

361 3072 498 3144 quoque
535 3052 645 3124 serens
669 3051 838 3143 judicium
852 3054 879 3123 ³.
909 3052 990 3123 Inde
1020 3062 1114 3148 patet
1146 3052 1406 3148 pythagoricum

360 3169 613 3261 quodammodo
625 3170 741 3260 tuisse,
759 3179 792 3242 et
809 3171 925 3264 aliqua
942 3191 988 3240 ex
1006 3191 1125 3240 eorum
1144 3168 1304 3240 institutis
1322 3189 1407 3262 pro-

360 3283 475 3378 basse,
501 3287 587 3357 inter
600 3307 680 3379 quae
704 3285 922 3356 animalium
941 3282 1197 3357 abstinentium
1210 3286 1237 3356 ⁴.
1252 3285 1407 3376 Negabat

346 3399 463 3494 ‘igitur
482 3425 518 3474 se
532 3424 606 3474 esse
626 3403 781 3492 stoicum,
798 3403 962 3501 quoniam
977 3403 1131 3476 nonnihil
1149 3402 1274 3475 exalia
1291 3401 1407 3475 schola

361 3523 525 3606 traxerat,
546 3516 647 3592 simul
663 3519 743 3610 quia
772 3538 923 3590 romanae
954 3517 1207 3590 consuetudinis
1232 3527 1306 3596 erat
1336 3538 1405 3590 non

360 3631 420 3701 uni
438 3615 540 3703 sectae
551 3632 738 3724 adhaerere,
755 3635 810 3704 cui
826 3636 1018 3708 necessario
1029 3636 1332 3736 obtemperaretur,
1344 3635 1406 3706 sed

360 3748 484 3850 placita
500 3771 545 3826 ex
563 3750 717 3844 pluribus
734 3753 857 3846 eligere
874 3755 900 3822 ⁶.

398 3916 537 3988 ¹Ep.mx.

396 4004 465 4059 ²De
478 4005 533 4073 ira,
547 4025 580 4072 u,
596 4006 642 4061 56.

396 4092 651 4162 'Deiraflmbb

397 4183 506 4262 ‘Eplsb
521 4205 589 4239 evm.

273 4345 275 4352 Α
397 4273 406 4304 ⁶
424 4279 505 4339 Epist.
519 4277 629 4328 dm.-
639 4277 671 4335 Q,
682 4275 795 4326 Sextium
811 4279 908 4338 patrem
919 4274 1044 4327 studuisse
1052 4239 1232 4338 questionibus
1246 4272 1402 4326 naturalibus

357 4363 422 4441 ‘inda
434 4367 525 4427 eonjtcl
540 4368 623 4428 potest
637 4364 705 4426 quod
718 4363 817 4415 Plinius
832 4369 915 4417 narrat
923 4366 992 4418 hane
1002 4364 1144 4437 insolentia
1155 4365 1267 4418 siderum
1276 4367 1402 4418 versatum
