3158 5158
653 413 686 426 -
705 386 791 442 63-

255 493 359 570 Soti
350 518 383 569 tu
409 495 473 568 hoo
500 491 672 588 paulisper
701 493 950 570 immorandum
979 514 1054 565 esse
1071 492 1271 578 existimo,
1288 514 1397 570 austun

207 630 344 702 remque
362 609 594 685 adnotandam
611 607 842 698 diligenterzl
841 610 930 684 uisse
947 617 1027 682 tuno
1052 609 1169 684 nomae
1191 629 1246 687 sa·
1276 570 1416 724 iilffiiilii

206 724 344 816 pientiae
365 725 534 814 doctores,
552 724 683 796 romani
699 725 850 816 generis,
870 745 930 816 qur
921 721 1176 816 Pythagoram
1195 746 1246 802 se·
1297 729 1344 780 ³⁰¹¹
1322 691 1392 779 'ln

206 850 405 934 querentur,
421 839 549 931 quique
563 841 766 916 animalibus
785 841 1005 926 abstinerent,
1025 839 1249 932 juberentque

206 955 390 1049 discipulos
413 956 643 1030 adolescentes
671 953 857 1035 abstinerel
876 998 919 1016 «-
934 956 1046 1045 Quod,
1075 957 1111 1030 ni
1137 958 1246 1048 fallor,

206 1073 362 1166 pluribus
380 1071 553 1148 decausis
581 1075 705 1150 evenit.
735 1073 886 1146 Primum
908 1083 1041 1148 constat
1063 1094 1250 1167 perpaucos

207 1188 313 1261 fuisse
333 1189 463 1280 Romae,
498 1191 638 1264 florente
663 1190 784 1281 Tullio,
815 1189 1071 1284 Pythagoricos,
1092 1211 1174 1264 uam
1195 1190 1251 1262 ille

208 1327 285 1376 eam
314 1314 439 1380 secum
459 1307 663 1379 exstinctam
690 1328 765 1381 esse
789 1305 871 1378 dicit
893 1315 929 1378 et
954 1306 1142 1400 sepultam,
1175 1326 1252 1379 ma-

209 1443 381 1516 gnamque
397 1421 446 1494 P.
467 1419 620 1520 Nigidio
639 1420 775 1524 Figulo
788 1421 925 1496 laudem
936 1422 1084 1494 tribuere
1101 1420 1250 1507 videtur,

209 1537 351 1636 quodie
375 1538 418 1611 sit
439 1539 497 1631 qui
514 1541 685 1630 jacentem
708 1539 798 1614 hanc
821 1538 1010 1613 doctrinam
1034 1538 1139 1632 possit
1157 1538 1252 1610 exci-

211 1652 317 1724 tare¹.
343 1653 376 1724 ls
388 1653 541 1746 quidem,
561 1652 748 1729 multarum
761 1676 875 1729 rerum
887 1654 1078 1745 cognitione
1096 1653 1251 1745 insignis,

210 1767 388 1862 scripserat
406 1769 449 1842 de
466 1770 681 1858 animalibus,
704 1771 746 1842 de
764 1770 865 1860 extis,
886 1771 929 1844 de
941 1770 1065 1858 ventis,
1086 1770 1130 1845 de
1143 1791 1254 1860 augu-

208 1882 281 1969 riis,
296 1882 339 1953 de
355 1884 448 1972 Diis;
468 1884 592 1956 idcirco
615 1888 806 1956 maximus
818 1908 941 1955 rerum
952 1883 1186 1955 naturalium
1199 1885 1255 1954 in-

207 1998 426 2093 vestigatora
441 2001 614 2074 Macrobio
627 2011 787 2090 vocatur;
807 2011 843 2072 at
855 2001 902 2072 illi
920 2001 1022 2072 nimis
1036 2009 1136 2071 tenue
1160 2001 1255 2095 inge-

207 2113 317 2201 nium,
341 2111 450 2190 o'ratio
467 2118 690 2206 subobscura,
710 2125 744 2190 et
765 2138 887 2210 parum
903 2118 1005 2188 famae
1025 2115 1116 2208 apud
1133 2137 1255 2208 aequa-

209 2227 259 2298 les
276 2229 302 2297 2.
336 2229 447 2303 Etiam
477 2227 746 2302 Alexandrum
788 2227 1064 2325 Polybiriorem,
1107 2232 1254 2332 Sullanis

210 2345 444 2438 temporibuS,
473 2346 700 2441 Pythagorica
730 2347 891 2441 dogmata
926 2348 1124 2443 amplexum
1151 2348 1255 2420 misse

209 2459 369 2556 tradunt,
401 2471 434 2532 et
450 2459 648 2538 Eudorum
676 2463 877 2557 quemdam,
912 2463 1053 2538 florente
1080 2463 1251 2558 Augusto,

210 2573 312 2667 hujus
330 2586 433 2652 sectae
447 2590 618 2674 praecepta
640 2579 898 2682 perscripsiss03
917 2577 1159 2652 Anaxilaum
1184 2581 1254 2655 La-

189 2691 377 2782 rimosum,
397 2695 659 2791 pythagoricum
671 2696 771 2767 simul
783 2706 817 2767 et
836 2695 1020 2788 magicum,
1037 2697 1081 2767 ab
1099 2696 1255 2789 Augusto

211 2809 318 2882 Roma
337 2812 480 2901 ejectum
498 2823 680 2908 postquam
692 2813 817 2887 librum
833 2812 992 2892 edidisset
1010 2813 1069 2911 qui
1084 2813 1247 2884 inscribe-

209 2924 311 2995 batur
329 2927 471 3021 uoipsm3
498 2924 762 3000 caeremoniam
778 2927 988 3020 AEgyptium,
1008 2925 1253 3002 Alexandrinae

210 3041 425 3114 bibliotheca}
438 3043 672 3136 praepositum,
693 3051 727 3113 et
743 3040 930 3114 Alexandri
948 3040 1074 3143 AEgcei
1089 3044 1249 3133 amioum,

212 3156 255 3228 de
272 3153 549 3260 hieroglyphicis
563 3159 589 3250 ³,
610 3167 645 3231 et
662 3159 766 3231 rebus
781 3151 1038 3244 ancoralibus,
1059 3166 1093 3229 et
1110 3161 1254 3232 cometis

211 3365 303 3438 luisse,
321 3371 418 3424 etcum
436 3367 592 3434 predixisset
611 3368 743 3432 lugentem
768 3366 821 3422 iore
838 3367 961 3420 olivarum
978 3367 1125 3429 penuriam,
1148 3367 1254 3422 muium

212 3453 264 3504 vim
275 3456 350 3518 liujus
361 3457 443 3507 bacca
457 3456 598 3521 collegisse,
614 3460 640 3508 et
651 3469 712 3519 opes
726 3457 786 3507 satis
798 3456 894 3519 amplas
905 3456 939 3506 ita
952 3451 1174 3520 quaesivisselxnr
1130 3455 1229 3518 meib
1233 3451 1254 3524 ‚l

212 3543 294 3594 Nemo
307 3546 394 3607 estqui
406 3546 549 3602 monendus
564 3546 596 3595 sit
609 3541 765 3599 Sententiae
776 3546 823 3596 sub
835 3545 912 3596 Sentii
925 3545 1030 3602 nornine
1041 3545 1162 3608 vulgatas,
1175 3551 1254 3607 qnas-

213 3646 263 3695 que
278 3633 383 3684 Rufinus
398 3648 412 3686 e
427 3649 507 3698 greco
523 3636 550 3689 in
570 3636 678 3691 latinum
697 3635 786 3697 rortlt,
801 3635 959 3686 subdititium
974 3646 1036 3704 opus
1056 3648 1110 3686 esse
1124 3635 1254 3698 cujusdam

213 3723 342 3774 christiani
357 3723 477 3775 hominis.

250 3818 258 3847 ¹
278 3835 294 3870 c
311 3821 432 3888 Denique
444 3823 481 3873 sle
494 3823 580 3885 iudico
594 3826 651 3885 post
667 3821 725 3873 illos
739 3820 838 3872 nobiles
852 3821 1034 3884 Pythagoreos,
1051 3833 1159 3884 quornm
1173 3819 1253 3872 discl-

214 3908 284 3971 plina
295 3911 416 3963 exstincta
426 3911 663 3975 estquodcmroodo,
676 3912 746 3966 hunc
759 3909 882 3966 exstitisse
893 3910 1015 3974 qulillam
1028 3913 1171 3964 renovaret.
1179 3925 1195 3958 n
1208 3909 1254 3977 (De

215 3997 325 4050 univers.
340 3997 441 4064 iregm.)

251 4091 261 4121 ²
280 4095 404 4157 Macron,
416 4098 470 4148 Sat.
483 4115 516 4160 ιι,
531 4097 576 4148 li.
587 4123 622 4134 -
633 4098 714 4148 Aulus
725 4096 793 4148 Gell.
809 4113 868 4161 m,
883 4096 929 4147 is.

248 4187 261 4225 Μ
279 4192 316 4242 Er
333 4192 524 4256 hieroglyphieis
536 4195 708 4246 cheremonis
724 4194 809 4244 locum
827 4193 963 4256 quemdam
977 4193 1108 4257 ingentem
1124 4204 1154 4244 ac
1168 4194 1256 4244 notatu

216 4279 394 4344 dignissimum
408 4282 516 4334 serravit
528 4283 704 4346 grammaticus
720 4279 809 4336 Paisos
822 4283 849 4334 ln
862 4283 1098 4348 commentariensi
1111 4281 1257 4334 inscribitur

220 4365 251 4426 nic
270 4364 432 4437 sitr‘opipeo
454 4365 545 4421 mais
566 4368 683 4441 iiio-nea.
704 4374 770 4426 Nam
785 4385 843 4426 cam
852 4373 1020 4428 muteuderet
1037 4375 1149 4426 Homero
1170 4375 1256 4426 notam
