3168 5150
778 481 918 534 ..14-

329 609 485 698 decreta3
520 604 579 678 sed
612 626 690 698 quae
721 605 756 673 in
789 605 863 695 ejus
898 603 1024 674 scholae
1059 605 1236 698 praeceptis
1267 628 1369 697 gran·

330 725 400 815 dia,
425 733 559 812 sancta,
584 744 665 796 vere
690 722 802 794 virilia
832 732 923 810 sunt,
947 745 1030 792 num
1057 723 1142 793 forte
1164 743 1204 792 ea
1228 724 1372 796 ludibrio

329 839 456 910 habet?
474 839 580 909 Immo
600 838 742 908 summis
761 837 892 908 extollit
912 837 1109 910 laudibus¹.
1131 838 1252 908 Nonne
1270 841 1373 911 etiam

330 954 513 1046 Epicureos
532 955 666 1048 pungit,
692 965 725 1024 et
748 975 866 1024 eorum
885 953 1001 1044 gulam
1022 961 1057 1024 et
1077 974 1222 1045 ganeum
1238 955 1372 1048 vitupe-

330 1081 383 1142 rat
396 1072 429 1140 ²?
446 1111 489 1124 -
504 1069 599 1142 Dicet
614 1071 766 1164 aliquis:
795 1071 856 1142 sed
879 1071 1012 1162 quoties
1038 1071 1222 1141 stoicorum
1248 1073 1375 1144 doctri-

329 1210 421 1274 nam,
436 1187 535 1280 quasi
550 1187 637 1258 serie
650 1195 765 1279 ageret
777 1196 811 1258 et
821 1188 1015 1278 loqueretur
1024 1209 1066 1256 ex
1080 1187 1208 1274 animo,
1219 1189 1374 1260 versibus

331 1304 527 1397 explicavit,
540 1325 653 1375 noune
662 1305 757 1375 vides
771 1313 809 1374 ut
821 1303 1009 1374 orationem
1023 1303 1138 1394 aliquo
1150 1305 1257 1374 faceto
1269 1304 1375 1376 verbo

330 1419 522 1507 concludat,
543 1418 635 1511 quod
654 1419 723 1490 vim
742 1440 878 1490 omnem
904 1440 1032 1508 rerum,
1047 1418 1090 1489 de
1114 1418 1239 1511 quibus
1265 1420 1376 1490 disse-

330 1535 439 1624 rebat,
458 1535 579 1607 evertit
592 1535 605 1573 ³
616 1534 630 1603 P
643 1535 854 1605 -Minime
872 1535 958 1605 Nam
982 1556 1022 1604 eo
1036 1556 1161 1625 genere
1181 1534 1313 1606 dicendi
1330 1535 1375 1606 ad

330 1649 367 1720 id
386 1650 621 1722 tantummodo
633 1651 740 1721 utitur
759 1660 880 1722 utnon
900 1650 1057 1722 videatur
1079 1672 1261 1743 personam
1275 1671 1376 1742 agere

330 1769 484 1860 magistri
496 1768 660 1856 docentis,
677 1779 710 1839 et
728 1770 871 1840 barbam
891 1789 932 1838 ac
948 1769 1088 1862 pallium
1108 1790 1242 1838 sumere
1262 1768 1376 1862 philo-

331 1883 529 1979 sophorum.
548 1886 625 1956 Nou
639 1885 686 1954 illi
707 1907 858 1978 unquam
881 1885 1082 1955 ememoria
1104 1883 1230 1955 excidit
1255 1883 1375 1954 satiras

332 2020 369 2068 se
387 2019 603 2094 componere,
620 2022 689 2071 uon
712 2001 858 2088 scholas,
879 2020 943 2070 nec
964 2008 1076 2092 poetae
1097 1999 1222 2070 deserit
1244 2007 1372 2092 partes,

331 2116 524 2188 etiamnum
543 2118 632 2190 seria
645 2118 791 2210 attingit.
808 2119 879 2190 Hoc
900 2118 1088 2213 praesertim
1109 2107 1376 2186 animadvertere

331 2242 382 2304 est
402 2232 438 2304 in
458 2256 499 2306 ea
518 2235 623 2306 satira
639 2236 699 2306 nbi
716 2235 961 2329 Damasippum
979 2257 1020 2306 ac
1035 2233 1231 2304 Stertinium
1251 2231 1378 2302 inducit

333 2348 515 2419 stoicorum
530 2371 624 2420 more
638 2349 849 2443 disputantes
865 2376 872 2417 :
889 2361 1072 2440 utrumqne
1088 2345 1232 2432 deridet,
1253 2347 1373 2431 fateor,

333 2474 368 2535 at
381 2485 450 2535 non
468 2486 587 2536 eorum
601 2466 722 2552 verba,
736 2465 860 2559 quibus
873 2465 1091 2536 vehementer
1108 2484 1148 2534 ac
1165 2462 1285 2533 merito
1299 2484 1377 2532 om-

332 2581 429 2650 nium
442 2580 602 2652 vitiorum
619 2581 746 2673 species
759 2591 911 2653 recenset
924 2591 957 2651 et
971 2580 1144 2670 castigatl.
1156 2619 1202 2631 -
1216 2579 1284 2649 Sed
1295 2578 1377 2671 quid

334 2697 448 2785 refert,
466 2697 593 2789 inquis,
614 2698 796 2768 sententias
811 2698 925 2788 utiles,
942 2706 1066 2783 rectas,
1090 2696 1193 2765 fortes
1212 2696 1376 2787 proferre,

335 2821 369 2882 et
385 2833 443 2882 eos
460 2814 520 2906 qui
537 2812 616 2883 talin
630 2813 821 2885 edisserunt
834 2813 980 2885 ludibrio
994 2813 1143 2883 hahere?
1154 2851 1200 2864 —
1211 2811 1379 2894 Quoniam

334 2927 510 3020 proprium
524 2938 574 3000 est
592 2930 727 3000 fabulas
745 2931 893 3003 comicas
907 2939 967 3000 aut
979 2929 1101 3000 satiras
1114 2928 1304 3016 scribentis,
1316 2950 1379 2997 ce·

335 3066 422 3114 rum
446 3042 598 3116 ridendo
621 3042 754 3134 dicere,
782 3057 819 3118 ut
843 3048 999 3119 simulet
1023 3047 1130 3140 prosit
1155 3055 1189 3118 et
1218 3045 1375 3133 delectet3

335 3180 416 3230 nam
429 3159 458 3231 si
471 3162 558 3233 seria
571 3163 659 3233 serio
676 3171 803 3256 egeret,
824 3161 1007 3235 adduceret
1018 3164 1164 3234 frontem
1181 3161 1287 3232 oratio
1300 3159 1377 3230 tris·

336 3275 379 3345 tis
398 3286 431 3346 et
448 3299 596 3366 morosa,
611 3287 649 3348 ut
665 3277 703 3348 fit
714 3278 806 3372 apud
820 3278 983 3350 Persium.
1001 3278 1094 3349 ldem
1112 3271 1378 3348 oensuitMolie-

324 3413 400 3462 ,rus
410 3392 445 3462 in
463 3394 579 3465 fabula
594 3394 650 3466 cui
666 3397 941 3490 Μισάνθρωπος
959 3395 1165 3484 inscribitur,
1182 3391 1217 3462 in
1230 3413 1377 3484 quanon

373 3615 379 3643 ¹
393 3619 426 3668 V.
443 3618 536 3680 possim
547 3622 572 3669 et
583 3619 650 3670 inter
662 3619 753 3683 multu,
766 3621 820 3672 lraec
836 3637 843 3672 :

720 3737 761 3784 Hic
771 3753 846 3785 murus
856 3738 950 3784 aheneus
958 3742 1004 3784 asto

480 3806 516 3853 Nil
527 3808 622 3854 conscire
631 3808 680 3866 sihi,
695 3809 755 3854 nullo
768 3809 884 3864 pallescere
897 3807 1038 3864 culpa...(Ep.
1049 3818 1065 3862 1,
1075 3808 1104 3862 l).

475 3913 518 3958 luta
528 3911 569 3960 tibi
581 3913 660 3960 melius
669 3914 752 3967 suadet,
763 3915 801 3968 qui
810 3929 857 3959 rem
869 3913 941 3967 incius,
953 3927 1008 3969 rem,
1017 3918 1078 3959 elo...

470 3984 503 4030 dn
515 3984 552 4038 qui
565 3983 657 4030 fortunae
668 3990 688 4031 te
699 3999 824 4039 responsare
833 3983 929 4038 superbe

472 4053 574 4100 Liberum
587 4060 609 4100 ct
618 4062 715 4101 erectum
725 4070 818 4110 presens
827 4054 928 4100 hortatur
940 4059 963 4101 et
971 4052 1048 4109 optut?
1061 4051 1137 4107 (itta.)

372 4171 381 4200 ²
393 4175 445 4225 Sat.
461 4173 478 4220 l
503 4175 549 4225 ltlr.
562 4178 595 4224 ΙΙ.

374 4259 428 4315 ³V.
445 4212 493 4327 lip’.
514 4283 534 4329 1,
549 4264 565 4313 l.
582 4268 603 4314 1.
617 4265 664 4315 sul)
675 4265 772 4316 finem:
787 4266 827 4315 Ad
844 4277 968 4315 summam
983 4264 1098 4328 sapiens,
1113 4265 1151 4313 etc
1155 4296 1221 4315 ......
1237 4261 1286 4313 nisi
1300 4273 1379 4322 quum

339 4350 427 4414 pituita
438 4353 544 4403 molesta
558 4356 603 4403 est.

376 4435 385 4467 ⁴
399 4443 482 4504 voret
493 4443 545 4494 Sat.
557 4461 594 4506 ru,
607 4443 624 4495 l.
638 4445 671 4494 ll.
684 4466 719 4481 -
732 4443 784 4494 Sat.
796 4459 841 4502 vn,
857 4442 875 4492 l.
888 4443 921 4494 ΙΙ.
