3158 5158
806 547 965 602 -tto-

365 675 489 761 credie,
510 673 592 743 nihil
608 672 719 742 obstat
733 670 816 763 quin
830 670 1004 742 existimes
1018 672 1150 762 insigne
1167 671 1291 742 Lucilio
1304 673 1407 742 fuisse

363 790 534 882 ingenium
550 789 574 856 ¹.
592 789 642 858 llli
655 795 745 857 certe
763 808 825 880 pro
835 786 933 856 laude
946 787 1002 873 sit,
1020 787 1095 857 talis
1111 786 1175 857 viri
1188 787 1334 858 amicitia
1349 789 1406 859 di-

360 927 466 996 gnum
477 903 590 974 inisse.
612 905 684 973 Hoc
698 925 805 970 unum
823 902 1106 987 animadvertam,
1122 903 1287 972 Lucilium
1301 903 1406 974 latine

360 1021 548 1115 scripsisse,
563 1027 595 1089 et
606 1019 640 1088 id
650 1041 758 1109 genus
774 1017 907 1088 dicendi
916 1027 1079 1088 sectatum
1091 1016 1194 1088 i'uisse
1204 1018 1296 1109 qnod
1310 1020 1403 1113 apud

361 1135 512 1204 rhetores
529 1134 666 1224 vigebat
678 1135 705 1199 2.
726 1133 813 1201 Eum
829 1133 900 1203 vita
918 1141 952 1202 et
973 1132 1138 1219 moribus,
1162 1133 1352 1204 constantia
1371 1135 1405 1202 in

360 1248 531 1342 periculis,
553 1270 634 1340 erga
653 1247 855 1340 sapientiam
869 1245 937 1317 fide
953 1247 1127 1338 egregium
1149 1248 1302 1340 reperio;
1324 1270 1405 1318 nam

360 1365 487 1435 Seneca
510 1371 675 1433 memorat
701 1363 863 1434 Lucilium
883 1364 947 1432 sub
971 1363 1050 1433 Caio
1072 1361 1206 1434 Caesare
1230 1364 1402 1450 exsilium,

359 1499 494 1570 poenas,
509 1486 675 1547 tormenta
697 1477 794 1569 parvi
814 1476 967 1567 duxisse,
988 1501 1068 1571 quae
1082 1479 1209 1571 optimo
1227 1501 1267 1549 ac
1282 1479 1405 1550 doctis·

359 1595 445 1665 simo
469 1593 592 1686 cuique
624 1593 875 1686 impendebant,
906 1602 950 1681 et,
970 1617 1038 1690 pro
1044 1589 1129 1685 fide
1154 1615 1236 1686 erga
1258 1595 1405 1687 pbiloso-

358 1710 472 1802 phiam
488 1711 659 1779 cervicem
674 1703 857 1778 obtulisse.
879 1708 1079 1780 Audiendus
1092 1719 1143 1781 est
1164 1710 1236 1802 ipse
1251 1711 1403 1780 Seneca:

359 1851 377 1888 n
406 1823 489 1894 Cum
505 1821 650 1916 cupieris
669 1823 754 1892 bene
768 1823 898 1894 laudari
916 1822 1060 1917 (Lucili),
1076 1845 1183 1915 quare
1196 1824 1261 1893 hoc
1272 1824 1331 1893 ulli
1347 1823 1406 1895 de·

361 1967 379 2004 n
407 1938 509 2008 beas?
529 1939 605 2031 lpse
624 1947 656 2006 ie
671 1937 786 2008 lauda.
809 1937 889 2007 Dic:
913 1938 1189 2009 -Liberalibus
1208 1961 1262 2009 me
1286 1938 1406 2008 studiis

362 2083 378 2116 t)
403 2052 1404 2146 tradidi,quanquampaupertasaliasuaderet,etingenium

360 2196 377 2236 n
407 2189 447 2238 eo
465 2167 660 2256 abduceret,
673 2168 731 2238 ubi
750 2189 904 2261 preesens
913 2169 1014 2238 studii
1026 2168 1170 2261 pretium
1182 2177 1246 2238 est.
1258 2168 1312 2238 Ad
1326 2191 1404 2259 gra-

362 2311 378 2350 »
410 2284 493 2354 tuita
507 2283 658 2354 carmina
678 2283 803 2353 dellexi
817 2305 886 2370 me,
906 2285 1000 2355 etad
1018 2284 1166 2354 salutare
1180 2283 1405 2377 philosophiae

360 2427 377 2464 n
407 2399 556 2469 studium
570 2398 707 2470 contuli.
730 2398 870 2469 Ostendi
890 2399 925 2468 in
946 2420 1046 2469 omne
1061 2399 1319 2491 pectus'cadere
1332 2399 1402 2469 vir-

361 2544 377 2578 »
407 2524 533 2601 tutem}
550 2523 583 2584 et
597 2514 763 2584 eluctatus
777 2513 940 2606 natalium
953 2513 1142 2604 angustias,
1158 2535 1221 2584 nec
1232 2523 1322 2585 sorte
1334 2537 1402 2602 me,

359 2655 375 2690 »
402 2627 587 2698 sedanimo
599 2649 751 2712 meusne,
766 2627 1002 2720 permaximis
1017 2627 1103 2696 steti.
1114 2628 1245 2696 Non...
1259 2629 1403 2699 Messala

358 2767 376 2806 n
407 2752 441 2812 et
462 2741 655 2831 Narcissus,
678 2741 736 2810 diu
751 2741 877 2834 publici
895 2742 1010 2811 hostes
1032 2751 1215 2834 antequam
1235 2743 1300 2830 sui,
1322 2765 1404 2835 pro-

360 2883 377 2922 »
405 2856 552 2950 positum
564 2877 677 2925 meum
691 2863 871 2946 potuerunt
882 2864 1048 2926 everi-ere.
1065 2855 1246 2926 Cervicem
1253 2854 1405 2956 prostde

360 2998 377 3038 u
407 2973 566 3070 opposui.
587 2971 726 3040 Nullum
744 2971 887 3040 verbnm
902 2971 997 3058 mihi,
1016 2971 1109 3063 quod
1123 2992 1191 3042 uon
1211 2974 1306 3044 salva
1323 2995 1405 3042 conm

360 3117 377 3150 s
407 3087 546 3158 scientia
560 3086 770 3180 procederet,
785 3108 970 3157 excussum
990 3095 1053 3157 est.
1071 3088 1135 3157 Pro
1154 3088 1272 3158 amicis
1288 3089 1404 3159 omnia

361 3229 378 3270 n
408 3203 516 3286 timui,
538 3223 600 3295 pro
618 3223 673 3272 me
689 3202 836 3272 nihil...
854 3202 1014 3273 Periculis
1026 3202 1110 3272 meis
1124 3203 1247 3294 major,
1264 3215 1404 3296 paratus

362 3349 378 3382 »
408 3319 457 3388 ire
473 3319 508 3386 in
528 3339 662 3408 eaquae
674 3317 904 3405 minabantur,
921 3315 975 3410 egi
989 3318 1115 3409 gratias
1132 3319 1290 3408 fortunae,
1309 3323 1403 3412 quod

362 3460 378 3501 n
407 3432 553 3526 experiri
589 3433 752 3502 voluisset
776 3435 907 3528 quanti
929 3436 1145 3504 aestimarem
1163 3431 1296 3525 fidem.
1328 3437 1402 3506 Non

363 3579 379 3613 »
407 3549 551 3619 debebat
572 3548 655 3617 mibi
674 3569 779 3641 parvo
802 3559 964 3620 restaura
988 3561 1155 3622 constare.
1174 3552 1245 3622 Nec
1266 3553 1402 3622 exami-

362 3695 378 3726 »
408 3665 501 3733 navit
517 3685 572 3732 me
583 3661 721 3756 quidem
741 3665 820 3736 diu:
841 3686 952 3756 neque
969 3665 1058 3736 enim
1074 3666 1169 3759 paria
1189 3668 1397 3760 pendebant,

361 3807 378 3844 n
408 3792 533 3847 utrum
544 3781 663 3848 satius
677 3792 768 3849 esset
781 3802 835 3848 me
847 3783 965 3877 perire
980 3803 1045 3873 pro
1045 3777 1142 3872 fide,
1156 3778 1325 3872 aufidem
1334 3807 1401 3880 pro

395 3951 437 4017 iu
457 3969 485 4016 ln
510 3967 622 4018 medium
647 3971 671 4016 te
693 3965 796 4028 protulit
816 3965 912 4028 ingenit
941 3967 1025 4029 vigor,
1052 3967 1201 4030 scriptorum
1229 3969 1363 4032 elegantia.
1377 3988 1398 4016 ·»

358 4054 498 4124 (Ep.x1x.)

392 4171 426 4182 -
442 4159 457 4193 u
468 4143 533 4204 Quid
546 4143 640 4206 ingenii
654 4143 699 4192 iste
712 4143 817 4192 habuit?
837 4143 897 4204 quid
909 4145 1005 4193 animi?
1017 4144 1141 4204 dicerem,
1155 4146 1215 4211 quid
1230 4146 1358 4209 impetus?
1377 4151 1398 4197 si

356 4233 569 4295 interquievisset,
585 4233 605 4280 si
620 4231 752 4280 intervallo
767 4231 923 4284 surrexisset.
940 4234 1014 4282 Nune
1030 4245 1082 4282 non
1099 4233 1145 4282 init
1163 4233 1281 4296 impetus,
1297 4235 1341 4286 sed
1359 4241 1398 4286 te-

356 4333 414 4381 nor,
431 4320 580 4384 compositio
595 4319 672 4368 virilis
691 4325 717 4368 et
736 4328 856 4370 sancta...
872 4320 1017 4371 Grandiset
1028 4325 1109 4370 rectus
1124 4331 1165 4380 es;
1182 4321 1229 4371 hou
1246 4327 1270 4372 te
1287 4323 1343 4376 volo
1361 4330 1398 4375 te-

357 4423 428 4472 nere,
440 4411 475 4458 sle
485 4410 554 4460 ire...
571 4425 585 4455 n
600 4408 659 4473 (Ep.
675 4405 757 4471 xbri.)
868 4443 871 4448 .

391 4493 400 4523 ²
419 4499 467 4560 Ep.
481 4517 504 4547 o.
