3168 5150
647 439 789 493 ...11-

198 564 366 656 querelas,
383 564 476 655 quod
491 571 608 635 contra
628 585 686 634 eos
704 563 853 635 studiose
864 562 988 636 diceret
1002 563 1028 636 ¹.
1050 565 1143 637 ldem
1155 567 1239 638 fate·

199 681 464 750 turexstinctam
478 705 549 752 esse
564 704 604 752 ac
610 683 681 773 jam
694 682 825 774 pridem
836 682 999 752 omissam
1019 681 1238 755 Academico·

198 819 272 867 rum
288 798 499 890 disciplinam
513 800 537 867 ².
556 800 632 868 Non
643 808 693 868 est
708 808 820 869 tamen
834 799 926 891 quod
935 798 1055 870 credas
1069 801 1240 894 aeminem

198 913 314 983 Romae
326 913 430 984 fuisse
443 923 501 984 aut
511 914 671 1005 Platonis,
685 922 744 985 aut
757 913 960 999 Aristotelis
972 923 1031 984 aut
1039 915 1237 1008 Pyrrhonis,

198 1040 257 1098 aut
270 1028 452 1100 Carneadis
471 1029 679 1119 studiosum3
700 1031 761 1100 sed
783 1031 851 1100 iere
876 1051 1017 1124 paucos,
1047 1039 1106 1100 aut
1129 1032 1242 1124 potius

198 1145 349 1236 singulos
361 1167 479 1215 earum
496 1147 662 1238 cujusque
674 1157 841 1217 sectarum
858 1156 1040 1235 amatores,
1063 1168 1167 1240 quam
1190 1149 1241 1243 ip·

199 1284 256 1332 sas
272 1272 380 1332 sectas
398 1262 565 1333 exstitisse
578 1272 637 1334 aut
650 1263 811 1352 valuisse,
831 1263 977 1333 dixerim
990 1264 1015 1332 ³.
1038 1263 1242 1356 Quanquam

198 1378 386 1472 Epictetum
404 1380 521 1450 videre
542 1388 594 1449 est
616 1381 781 1451 adversus
795 1379 1008 1450 academicos
1027 1388 1061 1449 et
1079 1381 1241 1474 scepticos

198 1494 453 1586 digladiantem,
472 1497 724 1588 Lucianumque
743 1496 854 1567 omnis
868 1496 1002 1588 generis
1020 1497 1155 1567 scholas
1176 1497 1241 1568 de-

199 1611 384 1701 ridentem3
415 1611 505 1704 apud
534 1612 691 1682 eumdem
717 1612 903 1704 reperimus
929 1633 1044 1682 annua
1074 1613 1242 1705 stipendia

198 1727 349 1797 omnium
363 1736 530 1800 sectarum
545 1728 792 1821 professoribus
808 1751 828 1798 a
846 1729 894 1799 Μ.
908 1727 1044 1798 Aurelio
1057 1750 1102 1798 ex
1116 1729 1240 1829 aerario

199 1864 271 1914 esse
289 1844 368 1914 data
382 1845 409 1913 4.
432 1845 499 1915 Sed
523 1845 602 1917 inde
619 1844 837 1915 manifestum
850 1853 902 1915 est
923 1865 981 1914 eas
1000 1844 1094 1937 apud
1106 1844 1243 1916 Graecos

198 1961 332 2031 scholas
342 1961 454 2054 potius
471 1983 576 2053 quam
590 1963 682 2054 apud
697 1963 867 2032 Romanos
880 1962 1044 2053 viguisse.
1057 1962 1143 2032 Nam
1157 1983 1243 2054 que·

199 2055 284 2146 ritur
303 2077 431 2148 Seneca
448 2078 753 2171 Pythagoreorum,
772 2078 1120 2169 Academicorumque
1143 2077 1243 2149 disci·

199 2193 341 2284 plinam,
358 2193 502 2264 Neronis
512 2193 735 2286 temporibus,
752 2193 921 2262 desertam
929 2215 1002 2263 esse
1009 2203 1042 2262 et
1052 2193 1238 2264 relictam⁵.

249 2309 360 2396 Nunc,
386 2330 465 2401 quae
482 2309 631 2380 breviter
644 2317 677 2379 ct
695 2309 820 2380 cursim
839 2309 1003 2397 diximus,
1025 2319 1058 2379 et
1079 2309 1140 2380 vix
1157 2310 1243 2380 indi·

199 2423 260 2495 ciis
283 2424 486 2518 quibusdam
505 2425 731 2515 signavimus,
753 2425 922 2517 reliquum
946 2434 998 2496 est
1027 2435 1065 2495 ut
1089 2425 1243 2518 pluribus

200 2541 312 2611 verbis
327 2562 569 2633 exsequamur.

238 2743 244 2772 ¹
259 2742 302 2797 De
315 2741 393 2815 finib.
410 2765 439 2806 rr,
454 2747 480 2796 7.
492 2771 528 2784 -
540 2741 641 2810 Quoesll.
655 2747 687 2797 T.
700 2764 737 2806 111,
751 2746 795 2798 21.

237 2833 277 2883 'a
291 2837 344 2887 Nec
364 2849 421 2886 vero
442 2836 597 2886 desertarum
617 2836 812 2898 relictarumque
836 2848 922 2887 rerum
945 2835 1113 2897 patrocinium
1132 2838 1245 2900 suscepi·

202 2940 257 2976 mus
261 2960 315 2978 .....
332 2939 408 2988 quarn
427 2939 495 2975 nunc
511 2923 723 2990 (philosophiam,
738 2926 835 2975 scilicet
853 2922 1034 2991 academicam)
1047 2927 1134 2976 orbam
1146 2941 1200 2976 esse
1216 2927 1244 2976 in

202 3015 254 3077 ipsa
266 3015 362 3065 Gracia
374 3014 499 3077 intelligo.
517 3014 590 3074 Quod
608 3027 660 3064 non
675 3013 809 3063 academia
824 3013 901 3072 vilio,
919 3013 964 3062 sed
980 3013 1097 3063 tarditate
1111 3013 1244 3063 hominurn

202 3104 308 3154 arbitror
322 3104 466 3165 contigisse.
481 3119 495 3150 n
514 3099 631 3171 (Donat.
646 3099 680 3152 D.
696 3121 714 3161 1,
729 3099 767 3168 5.)

237 3190 246 3219 ³
258 3197 293 3245 M.
307 3196 398 3244 Brutus
411 3192 524 3242 Platonis
540 3196 593 3242 crat
606 3191 750 3250 studiosus,
767 3203 818 3240 una
835 3193 861 3240 et
878 3191 1000 3240 Zenonis.
1013 3191 1152 3255 -Varro,
1164 3193 1244 3243 veteri

202 3283 336 3332 academia
351 3283 548 3333 deditus-Eo
565 3285 677 3343 tempore
690 3281 866 3343 peripateticos
882 3281 1025 3342 complures
1041 3282 1151 3342 reperias
1168 3296 1174 3330 :
1190 3283 1246 3332 De-

202 3373 330 3432 metrium,
342 3373 445 3422 Catonis
459 3371 647 3434 philosophum,
660 3370 832 3421 Alexandrum
845 3369 1031 3419 antiochenum
1044 3370 1087 3432 qul
1102 3371 1245 3422 Aristotelis

201 3460 342 3510 doctrinam
363 3463 400 3510 M.
419 3462 538 3510 Crassum
562 3458 662 3518 docuit3
680 3461 793 3509 Staseam
814 3458 1021 3520 Neapolitanum,
1039 3459 1083 3521 qui
1107 3471 1174 3521 sape
1187 3473 1244 3512 eum

203 3551 239 3598 M.
255 3550 347 3598 Pisone
362 3550 418 3599 luit.
432 3550 519 3598 Cicero
528 3549 610 3597 filium
622 3562 695 3597 snum
703 3551 823 3608 Cratippo
836 3549 999 3608 peripatetico
1012 3547 1113 3598 tradidit
1127 3549 1246 3600 erudien-

204 3639 274 3691 dum.
287 3639 429 3688 Aristotelis
440 3640 531 3702 libros,
545 3639 626 3688 adbuc
637 3639 794 3694 reconditos,
808 3651 821 3686 a
835 3637 901 3697 Sylla
915 3640 1020 3686 Romam
1036 3638 1178 3700 deportatos
1192 3645 1217 3689 et
1231 3655 1245 3690 a

203 3728 364 3789 Tyrannione
376 3729 538 3788 grammatico
549 3732 574 3776 et
585 3727 731 3776 Andronico
744 3725 842 3774 Rhodio
855 3726 1008 3787 conscriptos
1022 3741 1097 3776 nemo
1111 3728 1200 3778 nescit.
1214 3753 1247 3768 -·

203 3845 239 3854 -
248 3821 280 3868 V.
293 3817 412 3867 Bruckeri
423 3819 543 3878 prolixam
554 3822 579 3866 et
591 3817 770 3866 subobscuram
785 3815 956 3865 tractationem
970 3817 997 3880 (t.
1017 3835 1046 3880 11,
1062 3830 1085 3870 c.
1099 3835 1117 3875 r,
1128 3815 1143 3883 ᾗ
1154 3817 1180 3880 8,
1198 3817 1242 3878 13,

206 3908 248 3965 14,
261 3902 318 3974 25).

234 3976 250 4022 '⁴
265 3998 322 4046 Arr.
336 3996 437 4046 dissert.
449 4023 484 4033 -
496 3997 556 4045 Luc.
570 3996 685 4046 Hermot.
701 3991 765 4063 (la),
782 3997 809 4043 et
822 3994 938 4043 Eunucb.
953 3989 1020 4060 (55).

243 4082 251 4109 ⁵
266 4088 359 4144 Quaesl.
376 4091 429 4136 nul.
448 4104 492 4146 vn,
510 4085 555 4133 52.

585 4282 849 4294 mmm—-
