3168 5150
822 477 966 570 ..ῃ-ι
1044 505 1047 512 .

371 605 603 678 delectabatur
620 613 653 676 et
674 626 791 676 eorum
812 604 1050 676 controversiis
1074 605 1240 676 interesse
1264 605 1414 688 solebat,

370 743 440 793 non
459 723 531 792 sine
546 721 767 812 flagrantibus
792 721 911 792 studiis
931 720 956 790 ¹.
979 721 1240 816 Grammaticos
1267 743 1345 792 cum
1363 743 1412 792 re·

371 821 448 910 rum
466 838 591 932 potitus
614 847 677 926 est,
695 839 729 908 iu
748 838 934 908 amicorum
953 838 1090 908 cohorte
1108 825 1249 925 hahuit,
1263 860 1331 908 non
1355 860 1417 910 au·

372 962 441 1024 tem
468 953 708 1047 philosophos3
745 975 825 1024 nam
854 952 1068 1045 Thrasyllus,
1099 975 1200 1045 quem
1231 953 1266 1023 in
1297 962 1417 1024 contu·

370 1069 491 1140 hernio
507 1091 569 1140 suo
583 1069 766 1158 detinebat,
794 1067 1052 1140 mathematicus
1075 1068 1180 1138 fuisse
1201 1068 1415 1163 potiusquam

371 1184 547 1278 sapientiae
570 1192 714 1256 sectator
735 1184 869 1255 videtur
887 1185 913 1251 2.
942 1183 1067 1254 Tamen
1095 1205 1162 1253 uon
1186 1183 1317 1276 reperio
1334 1183 1417 1276 phi-

370 1301 530 1394 losophos
551 1323 571 1371 a
592 1300 728 1371 Tiberio
745 1301 935 1392 exagitatos
952 1309 1012 1370 aut
1025 1299 1146 1369 exsilio
1165 1298 1314 1370 affectos.

201 1417 341 1526 ssfirssffiffissff
420 1419 632 1512 Scripserant
650 1417 692 1488 dc
705 1416 918 1510 philosophia
938 1414 1056 1486 Pollio
1071 1415 1225 1484 Asinius
1239 1437 1278 1486 ac
1298 1414 1345 1484 T.
1363 1413 1417 1484 Li-

369 1535 460 1604 vius.
482 1534 576 1618 Quas
593 1534 647 1604 ille
669 1555 721 1604 res
738 1533 951 1628 potissimum
964 1533 1059 1602 libris
1084 1539 1280 1624 persecutus
1309 1539 1412 1620 esset,

367 1647 552 1738 incertum3
581 1647 714 1719 sedhic
739 1643 921 1743 diahgos,
943 1669 1009 1718 nou
1035 1647 1145 1738 magis
1171 1646 1217 1716 ad
1238 1645 1416 1716 historiam

366 1783 471 1856 quam
484 1763 527 1833 ad
538 1762 787 1857 philosophiam
801 1762 1018 1856 pertinentes,
1038 1771 1071 1832 et
1084 1761 1189 1831 libros
1203 1781 1248 1830 ex
1262 1762 1416 1854 professo

255 1961 258 1968 ¹
367 1877 616 1973 philosophiam
638 1878 860 1965 continentes,
888 1876 1052 1948 ediderat.
1073 1876 1166 1959 Quos
1189 1875 1355 1946 excidisse
1382 1885 1416 1946 et

367 1993 469 2085 longo
482 2015 557 2064 aevo
578 1994 779 2089 interceptos
797 2015 872 2065 esse
889 1992 1039 2062 maxime
1054 1992 1318 2063 desiderandum
1339 2013 1414 2062 cen-

368 2129 439 2192 sen,
463 2118 599 2180 auctore
616 2110 758 2198 Seneca,
781 2109 840 2202 qui
864 2131 921 2180 eos
943 2109 1102 2179 laudibus
1123 2108 1253 2179 extollit
1278 2109 1304 2176 ³.
1335 2108 1410 2178 Non

366 2246 475 2318 pauca
493 2227 671 2297 tunoedita
684 2249 772 2313 esse,
789 2225 901 2296 latinis
918 2225 1050 2311 litteris,
1070 2246 1174 2318 opera
1191 2225 1269 2295 inde
1290 2223 1411 2315 conjici

366 2348 475 2433 potest
492 2342 585 2434 quod
597 2345 742 2432 Seneca,
756 2365 834 2412 cum
847 2341 1033 2412 Fabianum
1047 2339 1286 2432 philosophum
1303 2340 1342 2407 T.
1358 2338 1411 2408 Li·

365 2455 422 2526 vio
435 2477 475 2527 ao
485 2457 627 2528 Pollioni
644 2457 829 2552 postponit,
842 2455 936 2527 addit
949 2456 1043 2525 illum
1063 2454 1111 2525 sic
1123 2455 1270 2548 positum
1287 2454 1411 2525 multos

365 2577 478 2642 tamen
493 2573 690 2644 antecellere
707 2573 740 2643 4,

414 2686 454 2756 ln
471 2689 633 2781 ambiguo
654 2687 737 2759 mihi
759 2689 821 2759 fuit
839 2709 921 2758 uum
944 2685 1089 2778 Augusti
1112 2684 1322 2777 temporibus
1349 2686 1422 2770 adr

366 2803 562 2876 scribendus
581 2813 669 2875 esset
690 2801 733 2871 V
729 2825 827 2892 arro,
847 2803 1077 2874 Romanorum
1100 2800 1331 2891 doctissimus,
1352 2804 1411 2895 qui

365 2941 441 2992 sero
459 2918 504 2991 ad
525 2917 775 3012 philosophiam
794 2917 944 2990 accessit.
973 2918 1083 3002 Quem
1105 2917 1194 2988 enim
1219 2917 1336 2988 videre
1360 2929 1410 2990 est

327 3067 328 3071 ¹
364 3036 400 3107 in
418 3035 528 3130 primo
539 3034 821 3107 Academicorum
842 3033 1012 3106 Ciceronis
1030 3032 1118 3104 libro
1138 3033 1291 3104 nondum
1306 3034 1411 3127 quid-

366 3152 529 3244 quamde
546 3151 714 3243 ejusmodi
730 3153 833 3223 rebus
850 3151 1038 3244 scripsisse,
1060 3150 1220 3243 quamvis
1239 3159 1318 3220 tuno
1331 3171 1409 3244 sep·

366 3269 591 3362 tuagesimum
609 3269 677 3338 fere
696 3289 823 3338 annum
836 3269 977 3360 ageret⁵
1007 3291 1016 3335 τ
1042 3277 1076 3337 at
1099 3275 1226 3360 postea,
1258 3267 1285 3337 si
1314 3266 1410 3338 illar-

402 3469 409 3499 ¹
426 3474 531 3524 sueton.
543 3473 681 3535 dei'iber„
692 3485 747 3536 cap.
759 3489 792 3534 u,
806 3469 850 3532 56,
862 3468 1231 3536 oo.-rle.‚Aoc.,1v,5a;
1244 3494 1281 3507 -
1290 3488 1331 3532 vr,
1345 3470 1389 3522 21.

400 3559 409 3590 ²
428 3563 526 3614 Tamen
543 3563 575 3612 de
590 3561 703 3614 Platonis
716 3562 786 3614 llhris
802 3561 935 3625 scripserat
947 3561 1058 3626 aliquid3
1073 3573 1165 3623 nempe
1182 3559 1311 3610 Plotinum
1323 3561 1407 3610 Thra·

363 3651 419 3716 spllt
439 3651 516 3702 libros
534 3651 677 3702 Platonicos
692 3652 776 3714 legere
794 3652 896 3702 solitum
917 3663 972 3702 esse
990 3653 1075 3701 narrat
1091 3649 1244 3713 Porphyrius
1264 3647 1311 3717 (De
1326 3649 1404 3713 Plot,

363 3753 419 3804 cap.
433 3761 466 3806 x,
482 3733 500 3810 3
516 3737 553 3804 9).

399 3827 467 3893 ’Ep
479 3849 502 3880 e.
511 3831 565 3880 Hoc
573 3829 604 3880 de
613 3830 728 3880 Pollione
741 3830 816 3880 hahet
826 3831 928 3881 Seneca
939 3827 1053 3892 Epistola
1063 3843 1071 3878 z
1080 3853 1113 3864 -
1124 3847 1137 3873 a
1148 3827 1270 3878 Pollionis
1280 3825 1408 3878 salebrosa

363 3925 389 3971 et
403 3919 520 3970 exsiliens
532 3915 708 3984 (compositio),
721 3923 746 3968 et
760 3918 803 3968 uhi
818 3917 923 3968 minime
937 3921 1066 3980 exspectes
1077 3917 1200 3967 relictura.
1213 3915 1329 3976 Denique
1338 3916 1405 3978 apud

362 4007 510 4059 Ciceronem
522 4008 607 4058 omnia
617 4007 751 4067 desinunt;
765 4007 831 4070 apud
843 4006 985 4057 Pollionem
997 4006 1104 4062 cadunt3
1119 4003 1228 4066 exceptis
1239 4004 1404 4067 paucissimis,

363 4111 418 4162 quac
429 4098 462 4148 ad
475 4101 571 4149 certum
584 4098 688 4149 modum
701 4101 726 4148 et
737 4097 767 4147 ad
781 4109 861 4147 unum
874 4095 1001 4158 exemplar
1012 4094 1130 4144 adstricta
1142 4097 1210 4143 sunt.
1225 4107 1238 4139 n
1252 4091 1309 4158 (Ep.
1321 4091 1354 4155 e.)

399 4185 407 4214 ⁴
426 4189 474 4250 Ep.
487 4207 515 4248 e,
529 4181 596 4239 ibid.
609 4207 623 4232 «ι
635 4187 701 4237 Vide
715 4190 800 4236 autem
814 4197 890 4248 quarn
909 4183 1004 4234 multos
1020 4182 1152 4234 antecedat
1166 4182 1209 4244 qui
1224 4195 1238 4232 a
1255 4181 1334 4232 tribus
1346 4181 1405 4230 vin-

362 4276 437 4337 citur,
448 4280 474 4327 et
486 4275 566 4327 trihus
575 4275 798 4338 eloquentissimis.
810 4289 826 4320 s
837 4300 872 4311 -
881 4267 986 4326 Fabius
998 4276 1082 4322 autern
1095 4272 1147 4323 aii:
1161 4284 1176 4322 u
1189 4272 1219 4320 In
1230 4264 1407 4339 philosophia

360 4361 541 4433 paucissimos
554 4363 636 4414 adhuc
649 4358 800 4430 eloquentes
814 4357 913 4413 litterae
925 4371 1049 4412 romanos
1061 4361 1183 4411 tulerunt.
1194 4376 1210 4408 s
1223 4356 1265 4424 (x,
1282 4357 1317 4420 l.)

399 4451 408 4482 ⁵
428 4467 442 4508 s
457 4456 557 4521 Quare,
573 4451 633 4518 quit
647 4452 681 4509 stt
698 4463 750 4511 cur,
764 4463 842 4517 quum
856 4450 934 4504 usulis
946 4449 1051 4518 soritas,
1064 4461 1144 4520 genus
1155 4449 1203 4507 hoc
1220 4445 1404 4518 pretermittas,
