3168 5150
807 500 840 512 ..
859 473 894 529 54
913 501 947 512 ..

357 595 512 692 assiliunt
525 597 687 693 pericula,
706 599 813 670 satias
826 607 878 670 est
896 597 1066 692 publicam
1079 613 1260 694 personam
1273 617 1400 674 exuere

358 727 417 792 aut
433 717 562 809 fugere.
577 717 669 787 Num
681 739 761 787 vero
776 717 810 786 in
824 717 930 788 otium
944 735 980 787 se
992 719 1125 812 penitus
1144 719 1400 790 abscondetihi·

359 833 762 930 quetorpebithinime3
780 829 848 903 sed
854 817 992 904 aliaest
1002 835 1402 934 persoriosopienticou-

360 950 634 1023 oeuienttsstma.
650 945 788 1046 Nempe
807 946 964 1020 bornines
974 947 1403 1048 justitiam,fidem,for-

349 1060 564 1162 'titudinem
584 1069 706 1136 mortis
719 1079 973 1164 contemptum,
996 1065 1067 1137 Dei
1085 1079 1275 1159 naturam,
1291 1071 1405 1137 animi

360 1188 535 1282 originem
542 1187 709 1282 privatus
725 1178 877 1252 docebit.
896 1181 951 1255 Ad
969 1205 1046 1252 eum
1065 1193 1244 1253 concurret
1257 1184 1405 1276 optimus

360 1283 505 1395 quisque
518 1311 551 1370 et
560 1296 605 1370 ad
618 1299 886 1392 amplectendam
904 1300 979 1390 ejus
991 1299 1173 1370 amicitiam
1184 1299 1240 1370 fiet
1249 1299 1400 1370 ambitio.

360 1411 457 1488 Unde
470 1413 518 1483 illi
537 1414 745 1485 auctoritatis
767 1424 800 1486 et
818 1414 937 1506 gratiae
953 1415 1046 1508 apud
1065 1417 1246 1510 populares
1268 1413 1405 1486 abunde

363 1528 438 1602 erit.
460 1527 592 1602 -Hoc
614 1537 678 1620 est,
701 1531 794 1626 quod
821 1531 1062 1603 Athenodorus
1087 1532 1239 1623 assignat
1261 1533 1407 1626 sapienti

363 1667 488 1718 munus
507 1673 515 1716 ε
542 1643 726 1718 Virtutem
740 1643 916 1718 doeereet
929 1645 1124 1738 celebrare,
1143 1671 1247 1742 quam
1267 1651 1410 1742 pulchra

365 1760 408 1836 sit
426 1773 458 1835 et
472 1762 547 1834 viro
571 1762 686 1856 digna,
710 1761 940 1862 praedicere5
962 1763 1250 1836 adolescentium
1270 1768 1410 1836 animos

359 1881 548 1978 praeceptis
561 1875 774 1974 informare,
790 1902 1056 1979 censuramque
1071 1905 1212 1951 morum
1222 1905 1405 1954 exercere.

364 1996 473 2080 Quem
486 1996 542 2065 ille
555 1987 804 2088 magistratum,
819 2017 887 2067 non
899 1998 1015 2068 datum
1029 2019 1048 2067 a
1062 1999 1200 2092 populo,
1216 2001 1277 2072 sed
1291 2007 1411 2092 sponte

367 2118 572 2206 susceptum,
589 2111 752 2206 explebit,
765 2114 890 2184 virtute
903 2137 982 2185 suas
995 2115 1102 2186 fasces
1116 2117 1357 2210 praetendente.

375 2245 380 2252 ·
416 2227 656 2300 Athenodorus
672 2240 785 2301 autem
796 2233 1014 2302 vehementer
1032 2231 1185 2302 dissentit
1204 2232 1408 2321 aCicerone,

367 2343 425 2438 qui
438 2353 540 2436 negat
556 2365 673 2416 curam
691 2367 806 2416 rerum
827 2347 1038 2440 publicarum
1052 2369 1073 2417 a
1092 2347 1293 2442 philosopho
1307 2350 1412 2420 omit-

369 2461 520 2550 tendam,
536 2463 661 2554 quique
680 2461 753 2557 ipse
765 2485 837 2532 rem
852 2463 1024 2557 publicam
1043 2463 1153 2534 studio
1164 2465 1340 2558 sapientiae
1354 2488 1413 2536 an·

369 2579 551 2671 teponebat
573 2576 598 2647 ¹.
627 2581 685 2670 At,
714 2579 851 2648 mutatis
883 2579 1104 2671 temporibus,
1133 2579 1309 2650 hominum
1331 2559 1414 2652 ‘seu-

370 2692 486 2763 tentiae
510 2701 697 2765 mutantur.
720 2695 846 2766 Seneca
872 2696 1007 2789 quidem
1027 2704 1141 2766 censet
1157 2695 1413 2768 Athenodorum

371 2813 476 2880 nimis
489 2827 527 2881 se
540 2807 755 2909 temporibus
764 2807 984 2914 submisisse,
1000 2814 1103 2881 nimis
1117 2815 1185 2882 cito
1196 2809 1338 2884 erebus
1347 2839 1418 2912 pu·

372 2921 474 2998 blicis
496 2925 691 3026 refugisse,
716 2927 893 3022 desperato
914 2938 947 2997 et
968 2929 1075 2998 fracto
1094 2927 1226 3015 anim03
1252 2929 1415 3022 Jubetque

373 3045 559 3138 sapientem
575 3066 642 3116 non
657 3045 743 3116 adeo
753 3043 971 3114 reformidare
981 3044 1143 3137 pericula,
1157 3067 1281 3137 neque,
1295 3045 1324 3132 si
1334 3045 1417 3138 quid

373 3161 508 3232 adversi
531 3161 680 3252 ingruat,
709 3159 865 3247 deficere,
898 3160 959 3230 sed
980 3161 1072 3231 omni
1097 3183 1161 3254 ope
1182 3170 1283 3252 atque
1312 3183 1416 3256 opera

374 3273 456 3346 eniti
474 3276 510 3344 ul
524 3294 579 3345 res
597 3272 662 3345 sibi
679 3285 713 3346 et
725 3276 845 3370 patriae
856 3275 943 3346 hene
958 3276 1155 3364 succedant3
1179 3285 1250 3346 tum
1262 3278 1413 3368 demum,

375 3394 402 3464 si
422 3403 563 3464 conatus
577 3393 701 3464 frustra
718 3394 854 3480 fuerint,
880 3414 1093 3464 recessurum
1106 3395 1133 3464 ².
1149 3393 1242 3464 Idem
1256 3417 1337 3467 vero
1348 3417 1417 3466 non

376 3525 488 3580 secum
517 3517 670 3580 constat:
705 3531 785 3580 narn
811 3511 1009 3582 sectandum
1040 3512 1158 3598 otium,
1193 3511 1418 3584 deserendam

375 3621 619 3720 rempublicam
638 3626 754 3694 multis
771 3626 853 3697 locis
868 3627 1027 3716 affirmat,
1044 3626 1238 3720 amicosque
1251 3633 1289 3698 ut
1308 3629 1355 3699 ita
1370 3629 1419 3699 fa·

374 3741 465 3811 ciant
485 3734 724 3811 cohortatur.
746 3739 855 3830 Adeo,
871 3742 924 3814 his
944 3741 1164 3836 temporibus,
1187 3743 1243 3814 illa
1260 3740 1420 3815 Atheno-

413 3981 419 4010 ¹
439 3979 546 4052 Dercp
561 4003 579 4046 1,
594 3997 616 4035 c
628 3985 699 4035 5
714 3983 751 4034 De
765 3983 809 4036 ott.
826 3984 844 4032 l.
860 3983 931 4032 XXI.

412 4087 421 4116 ¹
442 4086 480 4141 De
493 4093 585 4158 tranq.
597 4085 687 4142 ocrim.
698 4104 721 4141 c
735 4087 762 4140 5.

411 4193 421 4224 ³
439 4191 478 4248 De
493 4191 567 4248 brev.
583 4186 634 4250 vt.
647 4215 719 4248 xvru.
734 4195 808 4258 Apud
819 4195 958 4246 Varronem
970 4195 1095 4259 legimus:
1114 4212 1126 4242 u
1141 4194 1177 4246 Ei
1191 4192 1269 4246 tribus
1281 4209 1354 4257 porro
1368 4192 1418 4245 illis

375 4289 431 4338 vita
450 4288 595 4350 generibus,
607 4287 696 4346 otioso,
711 4290 821 4347 actuoso,
836 4287 861 4336 et
873 4285 940 4347 quod
955 4299 984 4336 ex
997 4283 1103 4349 utroque
1115 4287 1291 4349 compositum,
1308 4287 1355 4335 hbc
1369 4289 1420 4336 ter-

375 4377 437 4429 tium
451 4377 499 4428 sibl
517 4379 616 4441 placere
633 4380 815 4427 asseverant.»
829 4372 917 4442 (ιοοιιε
928 4389 957 4427 ex
969 4376 1033 4427 libro
1048 4375 1080 4430 dc
1091 4369 1251 4440 Philosophli
1266 4374 1299 4426 ab
1309 4375 1417 4438 August.

376 4469 477 4520 allatus.
480 4461 608 4519 -Dc
582 4479 636 4518 cta
651 4461 686 4518 D
696 4485 750 4526 xix
762 4465 800 4531 5.)
