3168 5150
591 451 732 507 ..43-

143 605 163 644 >i
190 580 314 676 rupem
321 579 504 675 porrigere
512 571 690 663 mendico,
700 573 893 648 ethumttm
905 577 1092 655 cadaveri.
1104 581 1179 656 Ini-

142 717 160 761 »
189 715 303 790 quum
312 700 363 764 est
372 689 543 787 collapsis
552 713 704 762 manum
713 714 782 765 non
788 698 1180 791 porrigere:oommnne

141 835 161 877 n
190 807 255 879 hoc
271 809 327 899 jus
339 806 472 899 generis
483 807 687 878 humaniest
702 807 726 876 ¹.
745 837 762 872 »
780 849 825 861 -
840 809 924 881 Huic
937 811 1080 884 Gallioni
1098 813 1180 887 Ovi-

139 923 229 1015 dius,
246 923 282 994 ni
294 922 406 1008 fallor,
425 921 700 1012 consolationem,
715 925 761 996 ob
779 925 898 998 uxoris
919 925 1105 1019 interitum,
1123 931 1182 1000 mi·

141 1038 203 1128 sit;
220 1061 300 1110 eum
312 1045 439 1125 autem,
452 1048 490 1108 nt
501 1038 675 1110 hominem
693 1039 946 1134 philosophum,
962 1043 1087 1138 alloqui
1097 1044 1181 1116 mibi

137 1153 276 1225 videtur
295 1155 321 1224 ².
340 1193 385 1206 --
403 1153 478 1225 Non
489 1155 590 1247 longe
601 1177 622 1226 a
635 1157 797 1228 sententia
814 1157 977 1230 Gallionis
990 1159 1182 1253 discrepant

139 1269 316 1361 Aspernas
328 1278 360 1339 et
370 1267 533 1360 Arellius3
546 1292 626 1341 narn
635 1271 691 1343 ille
707 1271 812 1342 dixit:
837 1298 856 1338 n
872 1274 1029 1346 Fortunae
1041 1276 1100 1346 lex
1115 1287 1178 1364 est,

140 1392 307 1477 praestare
318 1405 396 1477 quae
417 1386 586 1477 exegeris.
604 1385 778 1460 Miserere.
795 1388 968 1461 Mutabilis
987 1401 1039 1462 est
1053 1413 1177 1463 casus:

141 1498 309 1570 dederunt
326 1499 424 1571 victis
443 1516 538 1593 terga
556 1503 721 1592 victores3
741 1514 775 1575 et
794 1525 880 1596 quos
895 1517 1101 1597 provexerat
1113 1508 1181 1579 lor·

141 1623 225 1686 tuna
241 1614 388 1686 destituit
405 1618 433 1685 ³.
456 1641 474 1685 »
497 1657 543 1669 -
562 1617 649 1689 Hic:
673 1648 690 1683 «
716 1619 864 1712 perierat
881 1627 969 1691 totus
990 1622 1094 1711 orbis,
1118 1625 1182 1694 nisi

141 1729 226 1800 iram
239 1730 350 1802 liniret
362 1734 607 1807 misericordia.
624 1735 693 1808 Aut
706 1737 735 1807 si
754 1745 825 1808 tam
845 1737 1028 1830 pertinacia
1050 1738 1184 1833 placent

139 1844 230 1934 odia,
247 1849 378 1940 parcite
394 1850 422 1922 ⁴.
446 1881 463 1915 a

187 1961 244 2032 De
252 1959 344 2035 bell>
345 1989 477 2062 ,quam
489 1969 535 2038 rit
546 1963 926 2039 inhumanum—Ubi
940 1970 1017 2060 quis
1028 1969 1184 2043 homines

138 2075 258 2146 eodem
277 2099 404 2169 genere
419 2091 511 2152 ortos
531 2090 563 2152 et
577 2082 664 2151 inter
685 2103 722 2152 se
736 2091 897 2173 cognatos
911 2081 1012 2170 dixit,
1028 2085 1184 2176 sequitur

138 2202 177 2264 ut
192 2194 330 2283 bellum,
351 2197 443 2288 quod
456 2198 612 2269 homines
628 2197 715 2268 inter
738 2220 773 2269 se
789 2198 905 2270 hostes
919 2200 1011 2288 facit,
1033 2200 1184 2273 deteste-

138 2319 207 2379 tur.
242 2311 290 2384 lta
314 2317 415 2387 sentit
432 2314 614 2402 Fabianus,
638 2314 697 2406 qui
720 2313 769 2385 sic
791 2315 840 2385 ait
858 2314 891 2384 in
919 2315 1151 2387 controversia
1172 2341 1181 2384 ε

144 2449 161 2492 u
190 2426 276 2499 Ecce
295 2430 449 2503 instructi
461 2431 639 2520 exercitae,
652 2451 744 2524 saepe
757 2430 881 2502 civium
895 2439 1185 2524 cognatorumque

142 2569 161 2610 c
190 2547 378 2618 conserturi
391 2570 526 2638 manus,
544 2548 779 2634 constiterunt,
797 2554 830 2618 et
848 2547 951 2618 colles
965 2547 1062 2640 equis
1076 2548 1183 2618 utrin-

144 2687 160 2722 »
189 2679 256 2750 que
270 2667 494 2758 complentur,
509 2673 543 2735 et
556 2663 699 2735 subinde
713 2663 824 2734 omnis
838 2663 929 2757 regio
941 2665 1184 2736 trucidatorum

143 2799 161 2843 r>
190 2781 389 2871 corporibus
407 2783 645 2867 consternitur,
662 2780 832 2850 illatorum
854 2779 1066 2852 multitudine
1083 2782 1185 2852 cada·

145 2918 163 2957 c
189 2914 321 2983 verum,
350 2896 405 2967 vel
431 2895 660 2990 spoliantium.
692 2896 727 2964 Si
755 2894 927 2986 quaesierit
954 2895 1078 2988 aliquis
1106 2917 1186 2987 quae

144 3042 164 3082 n
191 3035 293 3085 causa
304 3011 476 3082 hominem
489 3010 655 3082 adversus
667 3010 840 3080 hominem
855 3011 891 3079 in
905 3010 1035 3082 facinus
1049 3011 1158 3102 coegit
1174 3037 1181 3078 :

144 3157 164 3196 »
191 3151 272 3200 nam
290 3149 400 3220 neque
421 3126 501 3197 feris
521 3125 610 3196 inter
625 3147 660 3196 se
683 3125 771 3196 bella
798 3134 893 3214 sunt;
917 3145 978 3194 nec
1003 3125 1032 3196 si
1060 3127 1182 3213 forent,

145 3274 163 3309 »
191 3246 311 3317 eadem
329 3241 503 3313 hominem
530 3241 683 3329 deceant,
718 3240 891 3334 placidum
920 3239 1186 3336 proximumque

145 3385 163 3430 »
193 3357 308 3431 divino
325 3380 444 3451 genus,
462 3358 548 3444 Quae
565 3365 659 3428 tanta
672 3377 735 3429 vos
747 3359 811 3428 fert
823 3355 873 3428 ira
888 3377 965 3427 cum
985 3378 1053 3427 una
1068 3355 1182 3451 stirps,

146 3501 164 3546 a
192 3475 350 3567 idemque
375 3473 515 3566 sanguis
542 3473 627 3543 sitis.
658 3473 716 3544 Vel
740 3493 820 3566 quae
847 3473 945 3543 furiae
968 3473 1003 3542 in
1028 3481 1184 3544 mutuum

148 3621 165 3658 o
195 3591 395 3683 sanguinem
409 3589 532 3682 egere?
545 3585 645 3672 Quod
663 3595 794 3659 tantum
810 3589 936 3659 malum
957 3586 1108 3660 hnmano
1125 3613 1186 3682 ge·

147 3733 165 3777 i>
193 3707 280 3794 neri,
300 3701 355 3775 vel
370 3705 533 3793 sorte‚vel
547 3706 616 3775 fato
630 3703 820 3775 invectum?
839 3727 883 3775 an
901 3713 939 3775 ut
955 3704 1111 3776 convivia
1125 3727 1185 3800 po·

183 3891 189 3919 ¹
205 3894 292 3944 contr.
307 3893 325 3943 1.
338 3894 361 3944 1.
374 3892 421 3941 Hic
435 3891 572 3942 notandam
584 3904 676 3942 censeo
693 3891 757 3942 banc
771 3891 923 3942 sententiam
940 3905 948 3942 z
966 3908 979 3935 «
992 3891 1078 3944 Fletut
1094 3891 1186 3942 bama·

145 3995 236 4034 narum
249 3983 426 4033 necessitatum
441 3981 582 4031 verecunda
596 3981 731 4031 exsecratio
746 3985 784 4032 est
798 3976 925 4049 (Excerpe.
940 3981 1016 4032 (ient.
1029 3999 1084 4044 rur,
1094 3979 1130 4045 6).

181 4070 190 4098 ²
210 4070 260 4122 Sed
286 4083 368 4132 neque
379 4066 545 4138 prudentem
557 4069 633 4120 solari
647 4065 760 4121 stultior
775 4071 871 4130 ausim,

216 4157 349 4220 Verbaque
362 4153 506 4210 doctorum
515 4160 584 4210 uota
597 4157 691 4209 reterre
705 4158 751 4208 tibi
766 4153 812 4226 (Er
827 4160 922 4216 Ponto,
937 4156 956 4208 l.
972 4157 1018 4217 itt,
1033 4159 1082 4221 Ep.
1095 4156 1144 4224 ιι).

184 4247 193 4275 ³
206 4250 293 4298 contr.
308 4265 327 4304 1,
342 4247 367 4298 l.

183 4335 190 4362 ⁴
205 4331 275 4389 told.
291 4336 419 4386 -Addas
431 4337 517 4397 etlam,
532 4335 554 4386 si
564 4336 664 4399 placet:
681 4355 694 4382 ιι
711 4337 786 4388 Ludit
797 4337 828 4387 de
840 4335 892 4386 suis
906 4334 1005 4388 fortuna
1019 4335 1181 4396 muneribus,

149 4433 175 4478 et
187 4439 242 4488 que
254 4425 325 4477 dedit
336 4424 427 4492 aufert,
439 4429 464 4478 et
474 4439 529 4490 qua
540 4425 645 4478 abstulit
658 4425 750 4480 reddit.
766 4445 778 4474 c
794 4422 921 4496 (nicoma.
935 4425 1022 4477 contr.
1040 4443 1065 4489 v,
1079 4418 1119 4491 2.)
