3158 5158
620 574 777 632 -riti—

175 699 314 774 datura
340 703 529 798 Porphym,
559 705 719 796 Origene,
743 703 962 775 lamblicho¹.
991 705 1073 794 Ejus
1095 705 1210 791 irater,

174 817 298 890 Lucius
310 820 459 905 nomine,
481 841 501 889 a
518 819 694 891 Plutarcho
713 829 919 892 memoratur
931 822 956 888 ².

224 933 326 1028 Apud
339 933 537 1006 Suetonium
555 935 678 1026 legitur
691 935 847 1028 cynicum
867 932 1063 1027 quemdam,
1078 936 1217 1005 nomine

174 1047 373 1138 Isidorum,
390 1049 514 1120 Neroni
527 1050 717 1121 convicium
735 1051 866 1134 iecisse,
886 1073 962 1120 curn
975 1071 1053 1120 eum
1068 1049 1101 1118 in
1115 1051 1216 1120 trivio

175 1165 324 1258 quodam
342 1165 478 1236 obviam
497 1164 682 1236 haberet³.
705 1164 820 1257 ipsum
842 1167 1035 1259 accepimus
1060 1187 1080 1236 a
1101 1165 1216 1236 Tacito

175 1281 344 1351 Neronem
366 1280 585 1374 philosophos
608 1303 852 1372 nonnunquam
871 1282 916 1352 ad
935 1303 1114 1352 sevocare
1134 1281 1217 1352 soli·

176 1410 261 1480 tum,
277 1417 444 1488 coenaque
454 1405 605 1490 peracta,
617 1418 735 1466 eorum
748 1392 1213 1490 disputationibusdelectari,

177 1511 270 1582 haud
295 1511 393 1582 aliter
413 1533 453 1583 ac
476 1511 631 1583 Tiberius
653 1513 951 1603 grammaticorum
976 1512 1216 1583 certaminibus

176 1628 350 1720 gaudebat
361 1630 387 1696 ⁴.

223 1743 405 1829 Cornutus
429 1752 488 1812 aut
504 1743 658 1835 quisquis
676 1743 781 1814 Persii
800 1743 906 1813 vitam
923 1743 1069 1836 scripsit,
1095 1741 1217 1812 Clau-

178 1853 281 1928 dium
298 1855 560 1955 Agaiernium,
581 1859 763 1945 medicum,
786 1865 819 1928 et
839 1857 1052 1928 Petronium
1071 1855 1217 1928 Aristo-

179 1985 329 2057 cratem,
353 1973 455 2044 Persii
467 1975 607 2064 amicos,
629 1977 763 2044 acriter
776 1982 855 2043 tunc
863 1968 1131 2070 philosophatos
1145 1991 1219 2042 csse

178 2096 351 2158 memorat.

228 2201 282 2271 Ex
299 2200 386 2272 libro
411 2201 575 2272 Petronii
591 2197 740 2288 Arbitri,
765 2199 933 2295 Epicurei,
955 2201 1018 2270 has
1037 2221 1218 2290 excerpam

179 2317 376 2404 sententias,
395 2327 582 2388 memoratu
606 2318 698 2387 haud
716 2316 899 2409 indignas:
927 2341 943 2384 u
968 2315 1087 2402 Amici,
1112 2315 1221 2408 inquit

183 2458 200 2498 a
227 2431 469 2527 (Trimalchio),
495 2443 528 2503 et
544 2433 634 2503 servi
653 2432 806 2502 homines
827 2442 918 2520 suut,
944 2441 977 2501 ct
997 2453 1095 2524 aequc
1114 2453 1221 2500 unum

183 2576 201 2613 n
229 2547 524 2634 lactembiberunt,
541 2547 670 2618 etiarnsi
685 2548 760 2619 illos
769 2547 987 2618 malusFatus
995 2541 1218 2638 oppresserit:

184 2695 202 2730 »
230 2674 357 2752 tamen,
372 2687 427 2734 me
445 2665 553 2754 salva,
576 2666 641 2734 cilo
658 2685 784 2757 aquam
795 2665 935 2734 libcrarn
954 2663 1151 2754 gustabunt.
1167 2660 1222 2732 Ad

184 2811 202 2846 a
230 2803 412 2868 summam,
425 2780 665 2853 omnesillosin
675 2789 874 2852 testamento
883 2800 960 2850 meo
970 2780 1183 2849 manumitto.
1201 2805 1219 2844 a

184 2895 322 2965 —Alio
342 2898 436 2966 loco:
465 2923 481 2958 κ
504 2897 682 2966 Corculum
704 2906 755 2966 est
777 2895 870 2986 quod
887 2893 1044 2964 homines
1067 2893 1158 2977 iacit,
1188 2903 1223 2962 et

187 3043 203 3076 a
231 3009 666 3102 ceteraquisquiliaomnia.
678 3035 695 3076 >i
710 3049 756 3060 -
769 3035 788 3072 «
799 2989 1052 3099 Nemo,inquit,
1067 3017 1222 3077 nostrum

186 3157 203 3191 a
231 3149 299 3200 non
311 3136 446 3220 peccat;
461 3127 618 3197 homines
634 3147 765 3210 sumus,
785 3145 854 3194 non
863 3121 915 3190 Dii
931 3124 958 3190 ⁶.
984 3150 1000 3184 »

231 3239 398 3312 Lucilius
415 3235 560 3328 ducier,
586 3241 641 3310 cui
658 3239 828 3330 contigita
844 3239 970 3307 Seneca
993 3235 1100 3327 diligi,
1120 3236 1223 3309 libros

183 3357 228 3430 de
243 3357 457 3451 philosophia
482 3356 675 3449 scripserat,
692 3365 724 3426 et
742 3354 893 3425 carmina
909 3355 938 3422 ⁶.
962 3352 1097 3444 Siquid
1115 3355 1223 3426 amico

223 3594 227 3620 ¹
248 3595 281 3646 V.
294 3597 395 3660 Brucla„
411 3601 429 3646 t.
443 3595 477 3654 ΙΙ,
493 3593 511 3644 l.
523 3613 541 3652 1,
553 3593 593 3644 cb.
608 3593 635 3653 2,
651 3601 712 3644 sect.
728 3595 781 3656 rufi
797 3591 823 3642 6.

220 3663 230 3692 ²
249 3670 279 3716 In
294 3679 370 3716 serm.
384 3666 566 3726 convivalibus,
580 3678 602 3716 c.
613 3667 638 3714 7.

220 3735 229 3763 ³
248 3739 319 3788 Suet.
335 3739 361 3786 in
371 3740 474 3788 Nerone
486 3754 575 3786 xxxix.

222 3806 230 3836 ⁴
250 3809 358 3859 «Etiam
375 3809 504 3870 sapientia
528 3807 671 3858 doctoribus
693 3813 790 3870 ternpus
814 3807 973 3869 impertiebat
995 3815 1052 3869 post
1076 3807 1172 3870 epulas,
1199 3813 1226 3857 ut

185 3881 309 3930 contraria
321 3879 518 3930 asseverantium
529 3878 659 3928 discordiae
673 3885 822 3929 eruerentur
835 3893 843 3928 r
855 3892 902 3929 uec
913 3880 1018 3928 deerant
1029 3881 1072 3942 qui
1088 3894 1130 3930 ore
1141 3881 1225 3928 vultu-

186 3964 235 4012 que
255 3951 317 4002 tristi
335 3953 401 4000 inter
420 3951 604 4001 oblectamenta
624 3951 691 4012 regia
712 3952 816 4014 spectari
830 3956 962 4014 cuperent.
975 3967 990 3996 n
1006 3948 1088 4022 (dart.
1104 3971 1157 4012 xvv,
1172 3947 1225 4016 16.)

224 4017 232 4047 ⁵
248 4023 332 4072 Verba
345 4023 536 4072 Trimalchionis
547 4023 573 4071 in
589 4021 713 4072 convivio.

225 4142 234 4169 ⁶
289 4145 346 4193 Nou
359 4149 398 4194 est
413 4148 494 4203 tuum,
504 4145 602 4194 fortuna
612 4145 678 4205 quod
691 4142 748 4193 iecit
763 4149 842 4194 tunm.

291 4241 325 4249 -
337 4215 396 4264 Dari
407 4216 501 4264 bonurn
516 4215 583 4277 quod
595 4217 675 4276 potuit
685 4215 776 4264 auferri
790 4220 870 4276 potest
882 4215 942 4279 (Ep.
955 4214 1021 4279 vm).

224 4361 258 4374 -
274 4339 360 4386 «Hac
373 4349 429 4388 cum
442 4338 628 4400 descripsisses,
646 4351 696 4401 quo
718 4339 798 4397 soles,
813 4352 866 4396 ore,
878 4351 978 4401 semper
992 4339 1094 4400 quidem
1108 4349 1223 4404 magnos,

189 4421 319 4472 nunquam
330 4415 414 4459 tamen
424 4409 513 4470 acrior,
526 4423 601 4472 quam
615 4411 658 4460 ubi
672 4411 768 4462 veritati
775 4411 919 4461 commodas
932 4411 1020 4475 verba,
1040 4411 1122 4462 dixisti
1134 4427 1140 4461 :

295 4539 353 4585 Mors
364 4552 407 4584 non
418 4538 494 4584 ultime
507 4539 573 4594 veuit,
585 4539 621 4586 scd
635 4555 681 4594 qua
694 4539 750 4594 rapit
760 4539 836 4586 ultime
848 4555 906 4586 mors
917 4545 948 4584 est
959 4539 1005 4594 (Ep.
1018 4539 1084 4592 xxiv).
