3168 5150
697 417 837 473 ..39-

243 541 343 628 Nam,
359 559 437 611 cum
446 535 591 609 Arellius
609 535 736 609 Fuscus
750 539 786 608 in
800 540 953 611 suasoria
971 539 1014 610 de
1031 541 1190 612 Cicerone
1204 555 1283 635 pen

239 666 350 730 oraret
367 657 420 727 oui
443 661 585 724 mortem
609 655 803 725 minabatur
834 655 1016 743 Antonius,
1038 655 1114 727 haeo
1129 657 1279 728 orationi

243 772 430 864 interjecit:
448 791 580 865 corpus
605 767 725 838 solum
752 773 790 838 in
806 766 962 840 bostium
984 789 1118 840 monus
1140 774 1279 864 venire,

243 893 409 962 animum
442 897 566 955 autem
587 907 700 982 neque
721 883 842 957 occidi
862 911 976 985 neque
1001 889 1148 985 opprimi
1163 911 1282 985 posse.

243 1005 355 1096 Atque
368 1003 480 1096 ipsum
497 999 677 1071 audiamus
700 1025 708 1070 ι
727 1025 745 1070 κ
765 1001 856 1073 Nihil
878 1001 972 1074 aliud
991 1000 1166 1072 intercidet
1183 1021 1287 1094 quam

244 1139 368 1213 corpus
383 1117 573 1210 fragilitatis
592 1118 745 1205 caducae,
770 1119 898 1189 morbis
925 1117 1126 1203 obnoxium,
1148 1117 1286 1192 casibus

242 1235 451 1328 expositum,
481 1235 785 1329 proscriptionibus
813 1236 998 1326 objectum.
1025 1231 1169 1304 Animus
1200 1253 1284 1307 vero

244 1351 358 1422 divina
376 1348 670 1442 originebaustus‚
686 1351 741 1422 oui
757 1373 821 1422 nec
834 1358 989 1421 senectus
1002 1349 1086 1438 ulla,
1101 1368 1278 1438 necmors

244 1467 376 1538 onerosi
392 1465 544 1568 corporis
561 1466 707 1538 vinculis
732 1468 921 1553 exsolutuS,
951 1461 1006 1535 ad
1022 1462 1126 1537 sedes
1142 1487 1234 1537 suas
1253 1477 1288 1538 et
1343 1505 1347 1512 ·

245 1594 405 1678 cognato
421 1579 546 1653 sidera
570 1596 734 1654 recurret
757 1582 783 1655 ¹.
807 1611 824 1646 ιι
852 1581 933 1653 Haeo
953 1590 1005 1652 est
1025 1575 1155 1652 divinoe
1181 1599 1287 1653 auroe

237 1695 441 1794 particula,
458 1697 501 1767 de
514 1718 583 1789 qua
604 1718 697 1790 saepe
716 1696 823 1769 stoici.
841 1695 988 1768 Arellius
1012 1695 1068 1766 ille
1084 1696 1287 1768 rhetoricam

242 1810 355 1882 docuit
368 1811 554 1883 Fabianum
571 1811 827 1906 philosophum,
839 1811 884 1886 de
897 1833 967 1906 quo
983 1833 1066 1882 mox
1079 1813 1183 1904 longa
1195 1830 1288 1884 men·

241 1926 380 1998 licerit.

289 2039 347 2112 De
363 2037 488 2112 divina
511 2039 760 2114 Providentia.
784 2043 889 2134 Virgo
912 2043 1070 2135 quaedam
1090 2042 1203 2114 Vestae
1224 2041 1283 2113 in·-

242 2157 324 2228 cesti
339 2156 615 2246 insimulabatur3
639 2177 717 2228 oum
732 2159 854 2229 ineam
872 2168 1041 2249 ageretur,
1063 2157 1192 2230 Cestius
1205 2159 1285 2230 Pius

241 2274 369 2361 rhetor,
387 2295 490 2368 quem
509 2274 596 2346 inter
613 2275 798 2367 Epicureos
818 2275 969 2345 referunt
981 2275 1007 2361 ²,
1030 2274 1096 2346 hoc
1118 2275 1153 2344 in
1167 2295 1287 2368 quaes-

242 2391 368 2460 tionem
389 2389 533 2461 adduxit
559 2415 566 2458 :
591 2419 608 2454 ιι
627 2387 692 2460 An
714 2390 778 2460 Do·
795 2387 1017 2460 immortales
1037 2381 1289 2460 humanarum

242 2529 364 2576 rerum
389 2525 521 2576 curam
545 2519 677 2603 agant.
706 2507 749 2578 Et
777 2507 805 2577 si
830 2515 947 2598 agunt,
971 2503 1035 2576 An
1057 2503 1289 2602 singulorum

242 2631 359 2714 agana
378 2623 412 2693 si·
426 2621 637 2713 singulorum
653 2632 778 2715 agant,
797 2645 842 2693 an
857 2622 960 2714 hujus
978 2622 1118 2714 egerint.
1135 2649 1153 2689 ιι
1172 2659 1221 2676 -
1241 2621 1287 2693 At

242 2736 414 2824 Albutius,
431 2736 523 2830 apud
542 2757 646 2832 quem
658 2739 885 2827 declamabat,
902 2759 943 2809 ea
955 2737 1175 2830 improbavit,
1194 2735 1287 2828 quod

242 2871 310 2923 non
323 2861 484 2944 tanquam
499 2855 681 2945 particulas
693 2855 904 2925 incurrentes
913 2855 948 2923 in
967 2853 1190 2944 quaestionem
1203 2861 1290 2923 trao-

241 2967 426 3055 tasset,sed
435 2977 599 3061 tanquam
608 2965 836 3065 problemata
847 2972 1139 3063 φιλοσοφούμενα
1151 2971 1178 3035 ³.
1192 2966 1287 3038 ldem

242 3093 354 3156 tamen
377 3081 537 3154 Albutius
551 3105 642 3177 saepe
665 3084 772 3156 audiit
795 3084 983 3155 Fabianum
1006 3083 1235 3176 disputantem
1254 3083 1284 3154 ⁴.

290 3200 358 3271 Sed
372 3197 430 3270 illa
447 3199 536 3275 levia
555 3209 633 3269 sunt
649 3207 682 3270 et
698 3199 796 3293 parvi
820 3198 863 3271 ad
882 3219 954 3268 rem
975 3196 1148 3268 momenti.
1164 3197 1287 3268 Venia-

242 3338 318 3386 mus
335 3315 379 3387 ad
402 3317 548 3388 morales
569 3317 753 3388 sententias
777 3318 885 3387 multo
909 3317 1023 3410 plures
1051 3324 1084 3384 et
1105 3315 1214 3406 magis
1231 3315 1284 3384 in-

244 3433 366 3524 signes.
737 3524 739 3530 ,

292 3545 346 3616 De
362 3550 483 3618 servis.
497 3547 596 3617 Pater
608 3546 748 3637 qnidam
758 3569 859 3620 servo
869 3547 975 3619 filiam
988 3548 1180 3634 collocarat,
1196 3546 1290 3638 quod

243 3663 272 3732 is
287 3663 331 3732 ab
349 3684 390 3734 ea
409 3664 618 3734 abstinuerat
636 3685 713 3735 cum
728 3666 842 3735 omnia
856 3665 890 3734 in
903 3687 977 3736 eam
992 3672 1117 3758 posset.
1135 3659 1289 3734 Accusa-

243 3789 298 3849 tur
318 3789 414 3873 pater
427 3779 461 3849 in
475 3779 718 3867 controversia,
730 3781 932 3853 defenditur.
946 3784 1031 3853 Tum
1044 3779 1203 3850 Albutius
1215 3778 1283 3867 ille,

244 3917 348 3986 quem
362 3896 512 3967 diximus
527 3895 666 3971 Fabiani
685 3895 789 3968 luisse
805 3895 1009 3986 auditorem,
1024 3897 1163 3990 negavit
1181 3895 1287 3968 servi·

283 4115 287 4140 ²
305 4119 377 4166 Suus.
389 4136 423 4169 vr.

281 4204 289 4230 ²
305 4204 442 4266 Fabricius,
458 4208 514 4257 Bib.
529 4221 566 4270 gr.
580 4227 618 4260 ιιι.
631 4209 710 4259 lodex
724 4209 826 4270 rapitur.

281 4292 427 4345 3θοιιῑιον.
446 4313 465 4353 ι,
480 4295 507 4343 5,

279 4380 287 4409 ⁴
301 4384 424 4434 controv.
440 4401 477 4444 ιιι,
493 4383 562 4446 prul.
