3168 5150
682 345 804 396 -7..

226 469 458 562 amplectenda
469 468 611 540 nimiam
624 470 821 540 Graecorum
829 469 1020 560 effugerunt
1032 471 1266 560 subtilitatem,

226 607 419 677 novumque
443 606 551 676 genus
582 585 844 679 philosophandi
870 587 1066 657 attulerunt.
1088 587 1174 658 Nam
1198 591 1270 681 pri-

226 699 302 770 dem
317 701 352 769 in
367 701 564 771 Graecorum
579 701 703 772 scholis
723 701 861 770 moralis
871 699 931 771 illa
947 701 1086 773 scientia
1097 705 1274 775 excoleba-

226 823 293 904 tur,
317 825 351 885 et
364 817 535 907 pleraeque
554 818 794 908 magistrorum
818 816 1060 911 disputationes
1083 840 1123 888 ac
1138 829 1272 890 contro·
1381 835 1384 842 “

228 932 350 1002 versiae
360 927 543 1010 definibus
555 928 732 1002 bonorum
743 953 791 1001 ae
803 931 999 1023 malorum,
1017 930 1222 1022 deuirtute,
1238 948 1273 1004 et

226 1043 418 1142 explendis
432 1039 557 1140 officiis
569 1047 754 1139 ceterisque
773 1048 940 1138 ejusmodi
960 1050 1177 1140 argumentis,
1198 1071 1273 1120 mo·

227 1163 413 1252 uehentum
438 1162 499 1232 sed
520 1162 612 1254 apud
636 1183 755 1234 omncs
780 1165 850 1234 fere
867 1164 1003 1236 Graecos
1030 1165 1167 1258 vigebat
1186 1165 1273 1236 ratio

228 1277 387 1368 quaedam
406 1299 462 1347 res
481 1297 600 1348 omnes
616 1279 759 1369 strigoso
775 1288 808 1348 et
824 1280 974 1372 captiose
991 1281 1141 1368 dicendi,
1165 1290 1198 1351 et
1216 1301 1274 1351 eas

227 1393 262 1461 in
275 1393 492 1486 partitionum
502 1395 677 1486 angustias
690 1396 930 1488 compellendi3
948 1395 1039 1466 unde
1053 1408 1173 1468 exorta
1185 1408 1270 1484 eret,

227 1519 265 1580 ut
282 1511 328 1579 ait
348 1511 475 1597 Cicero,
498 1510 713 1602 philosophia
726 1513 835 1607 spinis
850 1533 898 1580 ac
916 1507 1071 1582 dumetis
1090 1512 1230 1583 horrida
1245 1511 1271 1580 ¹.

229 1627 422 1720 Saepissime
451 1627 498 1698 M.
536 1627 678 1714 Tullius,
718 1627 752 1696 in
778 1627 870 1697 huuc
901 1649 1031 1697 morem
1058 1629 1213 1718 jejunum
1242 1636 1275 1697 et

228 1763 451 1832 exsanguem,
473 1742 683 1835 ineptiasque
708 1763 871 1835 operosas
894 1742 1047 1813 invectus
1071 1752 1143 1812 est:
1168 1742 1272 1829 idem,

228 1860 286 1952 qui
305 1881 424 1930 omnes
446 1859 669 1953 philosophiae
691 1869 806 1952 partes
822 1860 1011 1930 litterarum
1029 1860 1105 1930 luce
1123 1860 1276 1930 illustra-

228 1985 338 2062 verat,
356 1986 468 2046 tamen
482 1977 616 2046 eximiis
629 1976 788 2048 laudibus
808 1977 891 2046 vitae
910 1975 1154 2069 componendae
1169 1975 1277 2046 scien·

229 2092 311 2160 tiam
329 2091 473 2178 extollit,
497 2101 530 2161 et
548 2092 640 2160 hunc
657 2091 867 2184 praecipuum
886 2091 1049 2162 doctrinae
1067 2090 1171 2161 finem
1185 2093 1275 2160 fruc·

230 2215 371 2298 tumque
389 2205 598 2276 uberrimum
617 2227 693 2276 esse
713 2206 885 2276 contendit
898 2207 924 2274 2.
946 2207 1094 2300 Populus
1114 2227 1277 2277 romanus

230 2322 265 2391 in
290 2322 490 2392 sententiam
512 2323 559 2392 Μ.
584 2322 681 2390 Tullii
706 2321 851 2416 pedibus
875 2322 947 2410 ivit,
972 2331 1007 2392 et
1031 2321 1200 2392 luculento
1219 2321 1277 2392 illo

230 2447 378 2527 auctore,
402 2438 531 2508 censuit
544 2458 613 2507 non
636 2439 820 2528 perfectam
834 2459 911 2508 esse
929 2437 1179 2528 philosophiam
1199 2457 1278 2528 quae

230 2577 354 2648 expers
392 2563 478 2624 essct
505 2555 707 2646 eloquentiae
725 2555 751 2624 ³.
790 2555 923 2647 ltaque,
956 2554 1141 2623 oratorium
1172 2554 1278 2622 robur

231 2671 431 2764 copiamque
454 2670 588 2742 dicendi
611 2669 646 2737 in
673 2669 807 2740 scholas
825 2669 909 2740 etin
928 2669 1031 2738 libros
1057 2667 1278 2761 philosopho-

232 2809 308 2856 rum
339 2786 500 2873 contulit,
537 2807 751 2878 graecamque
784 2785 969 2855 exilitatem
996 2785 1109 2875 ampla
1140 2792 1174 2854 et
1205 2805 1278 2853 ma-

232 2900 356 2994 gnilica
385 2903 578 2974 honestavit
610 2902 778 2972 facundia.
809 2903 1010 2994 Quanquam
1043 2921 1111 2970 non
1137 2899 1278 2969 arbitra·

234 3041 310 3088 mur
338 3020 474 3090 Graecos
504 3019 597 3112 ipsos
630 3018 671 3086 iis
701 3039 834 3110 semper
871 3016 1022 3086 caruisse
1047 3014 1276 3104 ornamentis3

233 3156 313 3204 uam
345 3136 468 3204 latetur
496 3133 610 3204 Cicero
636 3133 809 3201 Platonem
838 3138 871 3200 et
901 3128 1140 3222 Peripateticos
1176 3150 1279 3219 gran·

233 3248 290 3320 dia
321 3258 452 3337 ornate,
486 3249 618 3319 minora
655 3248 828 3318 enucleate
862 3247 970 3317 solere
1012 3245 1124 3314 dicere
1154 3245 1181 3330 ⁴,
1220 3243 1281 3314 sed

237 3477 359 3534 nequent
372 3472 478 3522 omniuo
493 3475 619 3532 expertem
636 3481 770 3530 grecorum
783 3481 883 3531 rerum,
898 3480 981 3530 neque
995 3471 1022 3516 ut
1037 3477 1079 3516 eus
1091 3455 1182 3514 nostris
1195 3465 1220 3514 iu
1235 3465 1282 3514 hoc

237 3576 327 3624 genere
341 3567 553 3623 anteponentem;
569 3559 613 3608 scd
626 3561 653 3606 ut
669 3571 747 3605 unmn
761 3571 774 3606 o
788 3557 887 3618 togatis,
902 3557 978 3618 patris
989 3555 1118 3616 diligentia
1132 3568 1184 3604 nou
1198 3554 1282 3603 illibe-

237 3653 321 3702 taliter
335 3653 492 3711 institutum,
508 3650 640 3710 studioque
656 3645 769 3695 discendi
782 3659 795 3694 a
809 3647 914 3706 pueritia
930 3647 1077 3704 incensum,
1093 3658 1139 3693 usu
1158 3648 1241 3692 tamen
1258 3645 1284 3692 ct

238 3741 381 3791 domesticis
397 3740 525 3801 preceptis
537 3739 617 3786 multo
630 3735 708 3797 magis
720 3735 845 3784 eruditum
859 3747 934 3797 quam
948 3736 1064 3784 litteris.»
1074 3731 1186 3800 (Derep.
1196 3751 1215 3793 1,
1224 3731 1281 3797 22.)

274 3839 280 3864 ¹
301 3839 379 3888 Acud.
393 3841 414 3896 l,
429 3838 446 3887 l.
460 3840 492 3899 ll,
506 3839 548 3887 55.
562 3861 594 3873 -
608 3835 744 3897 Paradene,
762 3834 788 3883 l.

273 3935 282 3964 ²
301 3939 375 3987 Tust.
392 3955 410 3994 1,
426 3935 470 3985 49.

274 4032 284 4062 ³
302 4038 376 4084 Tuse.
390 4049 417 4095 q.
431 4055 450 4098 1,
461 4035 487 4084 h.
499 4057 533 4068 -
544 4049 558 4079 a
571 4034 661 4094 lingna
674 4029 819 4090 eloquentia
830 4031 868 4078 est
879 4027 1012 4092 utendum,
1024 4031 1098 4089 etque
1111 4028 1144 4076 itu
1157 4027 1225 4076 velut
1237 4037 1282 4074 su-

241 4126 365 4187 periores
384 4125 437 4172 loco
453 4122 668 4180 concionandum,
685 4125 713 4168 ut
726 4119 842 4168 homiues
861 4123 968 4168 mortem
983 4117 1022 4166 vel
1042 4123 1128 4179 optare
1145 4115 1281 4176 incipiunt,

241 4217 279 4266 vel
295 4219 361 4266 certe
377 4216 465 4262 timere
479 4213 610 4262 desistant.
625 4228 639 4256 n
655 4205 736 4278 (leid.
751 4205 807 4274 te.)

278 4309 286 4335 ⁴
307 4307 343 4360 De
355 4303 442 4376 finiit,
456 4327 490 4362 nv,
506 4311 531 4356 5.
