3158 5158
672 469 815 523 ..69-

228 622 259 658 »·
273 594 404 687 imperii
433 597 570 664 fortuna
592 595 790 688 protulerat.
818 596 909 679 Quid
936 596 1000 668 hoc
1018 609 1081 687 est,
1115 599 1270 692 inquam,

227 735 245 780 u
273 710 366 782 aliud.
379 730 483 802 quam
499 707 632 780 irritare
644 709 844 804 cupiditates
859 711 1034 782 homiuum
1055 736 1113 805 per
1133 737 1170 786 se
1188 716 1273 790 inci·

227 851 244 895 n
272 825 382 898 tatas?
403 822 491 907 Quid
505 822 569 894 sihi
582 825 655 894 vult
673 824 738 896 ista
756 827 910 918 pecuniae
924 829 1066 920 pompa?
1078 828 1123 898 ad
1137 829 1269 904 discen·

226 970 245 1010 n
272 943 352 1012 dam
364 937 542 1009 avaritiam
558 940 790 1010 convenimus.
811 940 856 1011 At
869 943 1079 1014 mehercules
1089 943 1200 1014 minus
1211 969 1270 1017 cu·

224 1084 242 1126 n
272 1054 422 1150 piditatis
444 1054 544 1124 istinc
557 1055 661 1125 effero
679 1077 781 1148 quam
801 1057 994 1128 attuleram.
1016 1058 1210 1153 Contempsi
1224 1061 1269 1132 di·

228 1202 245 1237 »
275 1171 387 1257 vitiae,
405 1189 473 1240 non
491 1170 572 1261 quia
587 1191 821 1263 supervacuae,
842 1173 901 1243 sed
922 1173 1003 1266 quia
1017 1174 1151 1266 pusillae
1173 1185 1265 1246 sunt.

227 1313 246 1357 t>
274 1285 437 1357 Vidistine
459 1307 563 1376 quam
578 1284 665 1356 intra
678 1307 804 1379 paucas
813 1286 917 1357 horas
929 1287 986 1358 ille
997 1287 1094 1375 ordo,
1111 1290 1269 1381 quamvis

230 1434 247 1469 »
276 1402 384 1473 lentus
419 1400 683 1494 dispositusque,
714 1401 904 1472 transierit?
928 1404 999 1473 Hoc
1025 1413 1130 1474 totam
1161 1405 1267 1476 vitam

227 1548 246 1590 a
273 1517 451 1610 occupabit
463 1516 556 1609 quod
570 1527 677 1586 totum
701 1517 790 1588 diem
807 1539 974 1611 occupare
1001 1540 1070 1589 uon
1089 1519 1266 1613 potuitl...

229 1665 248 1705 »
273 1637 344 1706 Hoc
359 1634 476 1727 itaque
493 1632 559 1724 ipsi
576 1631 658 1703 mihi
676 1633 764 1719 dico,
783 1633 914 1726 quoties
931 1633 996 1704 tale
1019 1635 1149 1728 aliquid
1172 1656 1268 1728 prae-

228 1779 246 1820 »
272 1731 578 1822 strinxeriroeulos‘
582 1769 690 1836 meos,
700 1749 832 1840 quoties
845 1751 991 1820 occurrit
1005 1751 1128 1822 domus
1148 1751 1267 1844 splen·

224 1893 242 1936 »
270 1867 364 1953 dida,
386 1865 508 1937 cohors
520 1864 611 1934 culta
629 1886 819 1952 servorum,
844 1865 961 1938 lectica
980 1867 1139 1938 formosis
1155 1867 1268 1962 impo-

226 2013 244 2049 »
272 1985 336 2056 sita
349 1981 544 2054 calonibus:
559 1980 803 2074 quidmiraris?
813 1981 898 2073 quid
912 1983 1050 2077 stupes?
1061 1992 1187 2077 pompa
1199 1994 1264 2054 est.

226 2125 243 2170 o
272 2098 503 2168 Ostenduntur
519 2096 594 2166 istae
611 2118 680 2184 res,
703 2117 772 2166 non
788 2095 1003 2188 possidentur
1020 2123 1028 2166 :
1048 2106 1080 2168 et
1094 2099 1175 2170 dum
1192 2098 1267 2192 pla·

226 2241 245 2281 »
272 2221 362 2300 cent,
378 2220 564 2282 transeunt.
585 2208 640 2280 Ad
653 2231 754 2280 veras
767 2211 878 2302 potius
891 2221 922 2281 te
934 2219 1095 2282 converte
1108 2211 1264 2302 divitias3

226 2353 243 2397 »
272 2329 363 2401 disce
376 2349 485 2422 parvo
501 2336 784 2416 essecontentus3
808 2336 842 2398 et
862 2328 955 2398 illam
978 2349 1098 2400 vocem
1121 2350 1267 2422 maguus

225 2470 243 2512 n
272 2455 375 2536 atque
399 2444 572 2514 animosus
603 2443 789 2512 exclama:
825 2443 997 2514 Habemus
1008 2465 1146 2535 aquam,
1165 2444 1268 2517 hahe-

224 2591 243 2628 >›
272 2583 348 2631 mus
372 2561 561 2656 polentam,
580 2559 655 2629 lovi
667 2559 730 2651 ipsi
756 2559 798 2628 de
817 2559 972 2630 felicitate
998 2562 1264 2632 controversiam

224 2705 242 2746 u
271 2676 448 2748 faciamus.
468 2675 657 2762 Faciamus,
678 2696 739 2746 oro
757 2685 802 2763 te,
824 2675 926 2748 etiam
948 2667 1059 2748 si‘ista
1080 2676 1261 2748 defuerint.

226 2821 244 2861 a
271 2795 383 2888 Turpe
395 2791 720 2879 est,beatamvitam
732 2791 767 2862 in
781 2813 866 2863 auro
878 2800 911 2862 et
924 2801 1065 2884 argento
1077 2813 1262 2884 reponere3

226 2931 243 2978 o
265 2929 364 3000 aeque
380 2916 479 2998 turpe
489 2915 539 2974 est
551 2907 586 2974 in
607 2927 697 2996 aqua
714 2915 747 2976 et
764 2907 914 2999 polenta.
930 2907 1021 2990 Quid
1034 2926 1114 2998 ergo
1127 2907 1261 2992 faciam,

227 3058 244 3092 >2
272 3025 301 3095 si
314 3024 379 3093 ista
396 3041 464 3090 uon
490 3019 639 3090 fuerint?
656 3021 783 3111 quaeris
801 3020 896 3112 quod
915 3020 958 3089 sit
977 3020 1163 3092 remedium
1190 3023 1265 3093 ino·

225 3168 245 3208 »
272 3137 501 3232 piaelfamem
520 3133 1266 3228 fameslinit.Alioqui,quidinterestmagna

227 3285 244 3320 ‚2
274 3255 340 3326 sint
358 3275 401 3324 an
415 3243 641 3344 exigua'quae
674 3252 801 3322 servire
830 3261 864 3322 te
888 3252 1036 3343 cogunt?
1052 3251 1141 3336 Quid
1164 3253 1266 3324 refert

227 3399 244 3435 t)
272 3378 437 3463 quantum
457 3367 515 3454 sit,
536 3366 629 3459 quod
644 3366 705 3438 tibi
722 3367 829 3460 possit
858 3387 983 3460 negare
1007 3367 1167 3438 fortuna?
1180 3365 1266 3440 llaec

226 3512 244 3555 u
273 3486 346 3580 ipsa
360 3506 452 3579 aqua
463 3491 497 3554 et
506 3482 642 3576 polenta
655 3483 690 3552 in
702 3485 851 3554 alienum
863 3483 1040 3556 arbitrium
1052 3482 1164 3555 cadit:
1180 3484 1266 3556 liber

227 3632 244 3666 a
273 3611 323 3672 est
339 3610 467 3686 autem,
488 3599 606 3669 nonin
629 3620 729 3691 quem
746 3621 867 3693 parum
887 3599 964 3670 licet
977 3601 1135 3688 fortunae,
1158 3598 1265 3672 sedin

227 3748 244 3784 »
273 3738 376 3810 quem
394 3716 490 3786 nihil.
512 3715 654 3785 ltaest:
682 3714 765 3783 nihil
790 3713 962 3786 desideres
984 3724 1129 3810 oportet,
1158 3715 1187 3786 si
1212 3716 1265 3787 vis

227 3866 244 3899 »
273 3835 388 3906 lovem
407 3852 607 3926 provocare,
622 3830 705 3900 nihil
725 3829 984 3902 desiderantem.
1002 3870 1048 3884 -
1067 3831 1147 3901 Haec
1166 3831 1266 3902 nobis

229 3979 245 4015 a
274 3950 407 4021 Attalus
426 3948 512 4021 dixit
526 3947 600 4018 ¹....
622 3975 638 4010 a
661 3985 703 3998 -
727 3946 808 4016 Haec
823 3967 900 4016 cum
920 3946 1053 4016 Attalus
1078 3955 1263 4038 peroraret,

226 4065 406 4137 videbatur
425 4063 522 4157 quasi
553 4063 669 4135 divino
685 4063 805 4157 spiritu
827 4061 1024 4150 instinctus,
1045 4082 1155 4154 eoque
1179 4083 1267 4132 cou-

226 4179 519 4274 cionantespecies
532 4180 723 4252 animorum
735 4179 968 4266 vertebantur,
978 4187 1011 4248 et
1020 4176 1184 4272 quidquid
1194 4177 1267 4268 jus·

264 4423 268 4450 ¹
289 4425 336 4488 ΕΡ.
352 4442 392 4476 cx.
