3158 5158
644 800 715 872 vll.

162 1003 221 1068 Quae
233 1009 328 1063 essent,
343 1001 370 1052 in
385 1001 476 1052 sobolis
492 1001 710 1068 pbilosophorum,
731 1015 820 1053 eorum
829 1004 968 1068 prasertim
982 1003 1025 1067 qui
1038 1001 1113 1052 latine
1126 1001 1204 1054 doce-

192 1084 263 1145 bant,
282 1083 385 1134 materia
404 1091 429 1134 at
441 1084 504 1134 ratio
518 1083 661 1149 disputandi
676 1099 706 1134 ac
715 1083 901 1136 disserendi.-
915 1083 993 1146 Quem
1007 1085 1082 1134 finem
1091 1085 1204 1149 magistri

193 1165 241 1215 sibi
255 1164 414 1228 potissimum
427 1172 636 1229 proponerent.-
650 1163 713 1226 Quid
730 1165 808 1214 oratio
822 1165 1024 1230 pbilosophorum
1035 1178 1067 1214 ex
1078 1165 1205 1214 rhetorum

193 1241 415 1293 declamationibus
427 1243 539 1295 traxerit.
555 1241 631 1294 -De
643 1243 844 1296 Proficientibus.
868 1271 901 1281 —
919 1241 954 1294 ue
972 1242 1100 1293 auditoriis
1122 1243 1205 1308 pbilo-

193 1323 341 1388 sophorum.

212 1493 421 1566 Clarissimus
440 1493 616 1587 sapientiae
643 1495 820 1584 doctores,
841 1491 988 1587 Augusti
1011 1515 1053 1565 ac
1079 1493 1205 1566 Tiberii

162 1618 278 1697 atate,
292 1609 449 1680 extitisse
471 1611 712 1704 comperimus,
724 1631 869 1703 quorum
886 1607 945 1681 alii
961 1631 1087 1702 graeoa,
1100 1610 1203 1682 iatine

164 1725 222 1796 alii
243 1724 475 1819 disputabant,
497 1728 556 1799 sed
574 1749 675 1820 aequa
694 1749 811 1798 omues
827 1727 930 1814 elata,
952 1726 1047 1814 forti,
1067 1725 1204 1817 magni-

165 1839 241 1928 fica,
261 1850 293 1912 et
313 1843 472 1913 Romanis
486 1842 569 1914 viris
582 1865 723 1937 prorsus
739 1843 843 1934 digua
856 1842 1059 1935 eloquentia.
1077 1842 1204 1913 Eorum

162 1955 265 2048 igitur
289 1956 412 2030 scholis
433 1961 535 2052 paulo
560 1959 686 2031 diutius
705 1968 755 2030 est
779 1960 1050 2046 immorandum,
1078 1971 1116 2028 ut
1129 1958 1204 2029 dili·

161 2081 281 2164 genter
297 2074 510 2166 inquiramus
529 2076 640 2171 qualis
661 2084 751 2146 esset
773 2076 972 2147 docentibus
989 2074 1077 2144 ratio
1095 2073 1206 2146 disse-

161 2189 259 2258 rendi
277 2198 311 2259 et
329 2199 503 2283 promptos
521 2189 565 2260 ad
577 2190 683 2260 virtut
684 2211 738 2260 em
751 2189 883 2260 animos
900 2188 1104 2281 impellendi.

212 2303 350 2374 Nullam
373 2305 442 2376 sere
467 2315 597 2398 partem
623 2304 850 2399 philosophiae
877 2305 921 2375 ab
944 2304 1138 2396 magistriS,
1165 2327 1206 2378 eo
1234 2347 1372 2412 ΜΨ.

162 2430 327 2513 tempore,
331 2430 391 2491 aut
378 2421 494 2494 trelict
481 2430 552 2492 tam
565 2431 624 2492 aut
633 2421 794 2493 omissam
808 2443 881 2492 esse
893 2419 1105 2494 crediderim.
1118 2421 1207 2492 Nam
1224 2417 1277 2451 ”¹¹¹³
1284 2402 1382 2450 m‘ffl'·

162 2534 287 2606 multos
309 2535 351 2606 de
376 2537 493 2606 multis
516 2537 618 2608 rebus
637 2536 741 2608 libros
759 2559 780 2607 a
802 2535 972 2628 Fabiano,
988 2535 1123 2624 Attalo,
1147 2537 1207 2608 So-

162 2650 270 2738 tione,
286 2661 320 2721 at
334 2652 461 2724 Sextiis
477 2653 619 2747 scriptos
632 2653 735 2724 fuisse
745 2652 916 2744 diximus;
937 2663 1117 2748 praeterea,
1136 2651 1203 2726 An.

164 2767 305 2854 Seneca,
323 2768 381 2860 qui
396 2790 455 2839 eos
475 2769 582 2842 audiit
600 2779 634 2842 et
648 2769 742 2861 legit,
762 2771 926 2864 plurimas
943 2769 986 2841 de
1009 2770 1115 2841 mund
1144 2793 1206 2842 na·

164 2891 252 2966 tura,
278 2883 319 2952 de
336 2884 407 2952 Deo
429 2905 469 2952 ao
488 2884 714 2977 providentia,
739 2882 782 2954 de
801 2887 993 2956 animorum
1017 2886 1208 2957 aeteruitate

165 2997 371 3091 quaestiones
381 2997 554 3069 instituere
564 2999 666 3089 solet;
677 2979 741 3086 nec
754 3020 823 3068 uon
837 3000 1047 3073 dialecticam
1056 3001 1204 3091 attingit,

166 3114 254 3185 unde
273 3113 490 3212 manifestum
505 3122 556 3185 est
567 3135 609 3184 aa
628 3124 709 3184 tunc
723 3115 837 3184 omnia
854 3116 1014 3186 omuibus
1028 3119 1063 3185 in
1081 3117 1204 3187 scholis

164 3239 307 3301 tractata
324 3238 358 3299 et
381 3229 564 3324 disputata.
584 3229 653 3302 Sed
672 3231 715 3300 ab
735 3231 854 3302 eodem
879 3231 1072 3325 accepimus
1091 3253 1207 3302 curam

170 3348 269 3438 longe
298 3346 509 3440 potissimam
532 3347 686 3418 moribus
723 3347 913 3440 impensam
947 3345 1068 3434 luisse,
1094 3348 1208 3418 omnia

165 3462 305 3533 advitae
319 3463 494 3533 scientiam
510 3464 628 3551 relata,
647 3464 737 3556 quod
756 3465 784 3533 is
803 3463 991 3534 studiorum
1010 3463 1088 3534 finis
1108 3467 1163 3554 sit,
1177 3473 1210 3536 ct

166 3577 349 3665 fructuS‚u
351 3580 519 3651 tdixerat
533 3579 662 3665 Cicer0,
682 3578 908 3649 uberrimum.

217 3693 265 3762 Sit
288 3692 353 3762 hoc
378 3694 480 3784 igitur
502 3707 582 3765 ante
609 3694 722 3765 omnia
747 3694 896 3788 positum
919 3693 1210 3787 eloquentissimos
1235 3723 1375 3825 attrosoptu

168 3807 243 3878 illos
262 3808 436 3880 doctores
427 3833 462 3879 m
475 3818 548 3881 arte
560 3809 700 3882 vivendi
711 3810 911 3904 culturaque
920 3832 1055 3883 morum
1066 3812 1210 3882 multum
1258 3794 1347 3826 ’Μ’

168 4017 272 4066 minutis
287 4017 453 4082 vulneribus,
471 4018 516 4069 sed
530 4017 632 4068 incursu
651 4017 813 4068 avertendam
826 4017 917 4068 aelam.
945 4012 996 4085 (Do
1009 4011 1085 4070 brev.
1105 4013 1157 4070 vit.
1170 4015 1210 4082 x.)

170 4133 204 4143 -
215 4106 342 4156 Fabianus
353 4107 416 4158 ndoo
429 4112 522 4158 tenere
534 4107 624 4160 iroutls
638 4112 700 4166 erut,
712 4111 742 4157 ut
755 4106 865 4170 quodam
877 4107 929 4171 die,
943 4117 999 4156 curu
1012 4107 1039 4157 in
1051 4119 1124 4158 causa
1139 4107 1211 4158 testi·

170 4195 285 4246 monium
294 4207 376 4246 coram
385 4197 414 4246 P.
425 4198 456 4246 c.
470 4196 575 4262 diceret,
588 4197 683 4259 pudore
694 4198 720 4248 at
733 4195 884 4248 verecundia
897 4195 1007 4248 suffusus
1019 4197 1134 4248 omnium
1146 4197 1174 4246 in
1182 4209 1209 4248 sc

170 4285 255 4336 oculos
269 4285 431 4337 couverterit.
446 4299 460 4336 u
479 4281 537 4353 (Ep.
551 4284 591 4354 u.)

209 4373 215 4400 ¹
230 4402 260 4410 -—
271 4376 344 4439 Hac,
359 4374 454 4440 Lucili,
469 4376 604 4438 quominus
618 4376 695 4439 legas,
715 4388 766 4426 non
781 4376 909 4436 dolentem
930 4375 1068 4428 dummodo
1086 4375 1209 4440 quidquid

172 4463 302 4524 lagerisad
315 4464 492 4516 morositatis
507 4464 634 4515 reterns.»
651 4467 700 4528 Ep.
714 4484 818 4519 nuxrx.
