3158 5158
612 523 752 578 ..73-

173 676 191 721 »
220 652 305 722 riam
329 652 466 744 quidem
489 669 567 720 oum
585 649 692 720 voluit
718 651 856 741 abjecit;
880 651 1120 722 obscuritatem
1144 674 1212 725 non

173 771 198 834 ι’
220 765 327 860 potuit
338 766 498 840 evadere.
520 764 603 835 Haec
619 765 712 834 illum
725 765 884 858 usquein
897 764 1111 859 philosophia
1128 791 1213 862 pro-

173 912 191 947 »
220 892 334 953 secuta
347 889 410 951 est.
429 881 529 972 Saepe
549 879 661 950 minus
681 902 785 974 quam
798 880 945 951 audienti
965 880 1048 950 satis
1067 890 1118 950 est
1137 883 1214 954 elo·

172 1023 190 1068 u
219 999 352 1091 quitur;
373 1006 405 1066 et
418 995 454 1065 in
476 1017 609 1068 summa
624 997 700 1086 ejus
725 1018 767 1068 ac
789 997 1037 1089 simplicissima
1056 998 1214 1070 facultate

172 1139 189 1182 a
218 1111 364 1197 dicendi,
381 1111 597 1201 antiquorum
612 1120 726 1182 tamen
742 1112 902 1184 vitiorum
916 1121 1092 1183 remanent
1108 1113 1213 1183 vesti-

172 1254 191 1296 s
221 1227 291 1318 gia.
318 1225 483 1309 Quaedam
507 1234 576 1295 tam
606 1226 717 1296 subito
744 1227 913 1311 desinunt,
939 1234 1064 1297 utnon
1095 1228 1215 1298 brevia

174 1373 192 1408 a
222 1343 303 1429 sint,
321 1340 381 1412 sed
395 1342 552 1434 abrupta.
574 1342 714 1412 Dicebat
727 1352 841 1414 autem
863 1342 1032 1414 Fabianus
1050 1343 1120 1414 fere
1135 1344 1213 1415 dul·

175 1489 192 1524 a
220 1479 276 1529 ces
298 1456 481 1526 sententias
498 1483 506 1524 ε
526 1467 559 1526 et
572 1458 705 1548 quoties
728 1457 900 1528 incidebat
923 1458 1039 1550 aliqua
1056 1458 1213 1545 materia,

173 1601 193 1642 s
220 1595 300 1670 quta
322 1574 522 1642 convicium
540 1570 657 1642 seculi
673 1575 854 1668 reciperet,
876 1573 1063 1665 inspirabat
1092 1594 1216 1666 magno

176 1718 194 1758 u
223 1687 331 1780 magis
340 1711 445 1782 quam
458 1688 528 1759 acri
546 1689 674 1759 animo.
691 1687 814 1760 Deerat
833 1689 880 1758 illi
892 1689 1077 1760 oratorium
1092 1691 1212 1778 robur,

176 1831 195 1872 s
223 1814 254 1874 et
276 1804 330 1874 ille
351 1803 577 1897 pugnatorius
591 1825 709 1874 mucro
726 1829 733 1872 :
752 1805 910 1895 splendor
930 1825 1013 1874 vero
1035 1806 1130 1875 velut
1151 1826 1219 1878 uo-¹

176 1944 193 1986 ιι
222 1919 388 1988 luntarius
412 1939 482 1989 non
500 1919 685 1989 elaboratae
708 1919 852 2009 orationi
870 1921 1033 1990 aderat...
1055 1921 1218 1992 suasoriis

173 2061 191 2102 u
219 2034 330 2128 aptior
349 2042 437 2104 erat:
450 2035 600 2105 locorum
616 2034 1024 2128 babitus,lluminumque
1036 2038 1213 2125 decursus,

172 2176 191 2219 u
221 2160 254 2220 et
265 2149 403 2219 urbium
412 2149 509 2236 situs,
530 2171 711 2241 moresque
721 2151 936 2243 populorum,
951 2174 1052 2222 nemo
1066 2153 1217 2246 descrip-

174 2297 192 2332 ι)
222 2266 264 2335 sit
281 2264 524 2336 abundantius.
541 2265 724 2356 Nunquam
743 2265 856 2359 inopia
868 2266 965 2336 verbi
977 2267 1139 2354 substitit,
1156 2269 1218 2340 sed

173 2407 192 2450 ι)
221 2379 435 2451 velocissimo
454 2401 555 2449 cursu
575 2401 616 2450 ao
630 2379 792 2450 facillimo
812 2402 930 2452 omnes
954 2405 1008 2453 res
1030 2384 1131 2453 beata
1152 2383 1218 2453 cir·

174 2524 193 2564 u
221 2495 426 2566 cumtluebat
439 2495 547 2565 oratio
567 2493 592 2563 ¹.
613 2521 629 2562 ι)
646 2497 706 2566 llla
724 2518 802 2567 cum
816 2498 932 2568 verbis
952 2500 1091 2570 Senecae
1109 2499 1218 2592 pbiloe

172 2611 271 2706 sophi
298 2611 381 2681 satis
410 2619 614 2702 congruunt.
647 2611 793 2683 Sedebat
820 2613 989 2684 Fabianus
1020 2615 1218 2686 adolescens

171 2749 240 2798 non
259 2727 358 2798 modo
377 2726 468 2819 apud
480 2726 714 2821 philosophos,
733 2729 795 2800 sed
808 2730 900 2825 apud
913 2721 1066 2801 rhetores
1078 2730 1215 2819 latinos,

172 2840 511 2918 etinoontroversiis
536 2862 577 2911 ac
603 2843 764 2913 suasoriis
785 2846 892 2914 multa
915 2843 1002 2915 dixit
1027 2843 1214 2915 commode.

172 2955 249 3026 Non
262 2955 405 3024 multum
418 2964 544 3040 tamen,
566 2963 604 3023 ut
618 2978 722 3047 supra
735 2957 896 3044 vidimus,
911 2958 1033 3028 avitiis
1049 2958 1219 3029 declama·

173 3070 302 3140 tionum
328 3067 446 3152 traxit,
463 3089 540 3136 curu
561 3069 593 3137 ei
615 3071 818 3160 objiceretur
843 3072 984 3163 antiqua
1002 3071 1216 3164 simplicitaS,

173 3184 352 3278 oratioque
369 3205 389 3254 a
404 3184 495 3254 cultu
510 3183 618 3254 aliena
635 3185 661 3254 ².
679 3185 828 3256 Plurima
839 3207 945 3280 opera
958 3187 1216 3280 conscripserat,

174 3303 261 3374 inter
274 3325 353 3394 quae
371 3299 418 3372 de
438 3297 547 3372 rebus
566 3298 730 3372 ciuilibus
748 3303 866 3394 libros,
889 3303 972 3374 satis
988 3303 1137 3394 nobilcs;
1157 3326 1219 3374 nec

175 3439 243 3490 non
261 3415 486 3514 Quoeationes
501 3417 696 3488 iraturales
708 3419 876 3512 attigerat,
886 3430 923 3491 ut
935 3419 970 3489 in
984 3418 1218 3490 Consolatione

176 3534 221 3605 ad
233 3534 396 3607 Marciam
412 3532 638 3628 comperimus
657 3535 684 3602 ³.

214 3737 220 3764 ¹
240 3738 360 3788 controv.
372 3754 400 3797 ιι,
418 3736 515 3798 pretet.

213 3825 223 3854 ²
238 3830 327 3877 ocum
337 3825 449 3876 Sextium
463 3824 570 3886 audiret,
586 3825 752 3875 nibilominus
763 3825 929 3886 declamabat,
944 3831 970 3878 et
979 3830 1030 3877 tam
1042 3827 1177 3889 diligenter
1189 3831 1218 3879 ut

178 3903 278 3962 putares
293 3899 364 3947 illum
383 3897 422 3945 illi
444 3897 527 3945 studio
547 3898 644 3958 parari.
660 3911 710 3946 non
725 3911 769 3958 per
783 3897 925 3948 illudaiteri
941 3900 1131 3961 preparari.....
1142 3900 1217 3960 Apud

178 3970 302 4020 Blandum
316 3969 410 4018 diutius
422 3981 496 4030 quam
507 3971 573 4028 apud
584 3971 692 4018 Fuscurn
704 3969 826 4018 Arellium
840 3970 945 4019 studuit.
955 3997 988 4006 —
997 3969 1094 4028 (contr.
1106 3987 1125 4019 ιι
1135 3967 1217 4038 pret.)

179 4068 212 4078 -
227 4040 362 4090 «Fabiani
379 4038 473 4100 Papirii
493 4039 585 4101 libros,
605 4039 648 4100 qui
666 4040 838 4090 inscribuntur
850 4041 980 4103 civilium,
995 4041 1084 4102 legisse
1102 4045 1127 4090 te
1144 4041 1218 4102 cupi-

180 4111 284 4162 dissirne
297 4111 384 4160 scribis
402 4124 409 4159 z
425 4110 537 4160 sednon
555 4111 715 4172 respondisse
734 4112 914 4173 exspectationi
930 4118 989 4164 tua·
1001 4113 1110 4174 Deinde,
1127 4112 1219 4162 oblitus

179 4185 212 4232 de
227 4182 375 4245 philosopho
395 4181 445 4245 agi,
463 4182 671 4244 compositionem
690 4184 745 4244 ejus
759 4196 892 4235 accusas...
912 4185 992 4234 oratio
1012 4183 1117 4234 sollicita
1136 4184 1220 4246 pbilo-

180 4254 288 4316 sopburn
299 4265 351 4302 uon
365 4252 447 4303 decet.
462 4271 472 4294 ι
484 4254 539 4314 (Ep.
550 4251 586 4316 c.)
597 4281 632 4290 -
644 4267 659 4302 u
672 4254 942 4304 Fabianumdisertum
958 4261 984 4306 et
996 4256 1151 4319 elegantem,
1163 4267 1221 4304 ora-

180 4326 267 4389 tionis,
281 4322 398 4384 etiamad
412 4328 525 4373 nostrum
535 4324 673 4385 fastidium,
689 4325 784 4376 nilidae.
799 4349 811 4367 »
821 4324 878 4392 (Ep.
891 4325 973 4393 svin.)

216 4411 267 4464 ³0.
284 4411 328 4462 25.
344 4435 379 4448 -
397 4411 467 4461 «Dic
478 4411 627 4462 ciceronem
642 4416 714 4476 cujus
729 4414 787 4464 libri
799 4415 830 4464 ad
846 4415 1030 4480 philosophiam
1047 4413 1219 4476 pertinentes,

182 4497 256 4549 pene
269 4485 454 4544 tormentant,
467 4486 529 4547 quot
540 4485 654 4536 Fabiani.
668 4501 683 4535 u
696 4488 743 4550 Ep.
754 4505 777 4539 a.
