3158 5158
602 457 635 468 —
654 432 704 488 ttl
726 459 761 471 -

161 554 299 648 iisque
312 575 380 629 non
397 563 502 626 ooetae
527 552 693 644 eduntur3
715 555 851 642 deiude,
873 555 930 628 vel
950 555 1100 629 oleribus
1125 555 1204 646 igue

161 670 282 759 ooetis3
300 681 336 740 at
351 691 453 742 carne
463 668 662 740 animalium
670 670 1075 758 esseahstinendum,eut
1089 670 1117 742 si
1129 671 1205 764 quis

160 807 237 860 earn
266 794 451 880 appeteret¹
479 784 622 858 lerinam
647 786 861 880 potissimum
887 783 1098 860 sectandam.
1123 783 1207 870 Qui·

161 910 434 994 eumqueautem
445 922 625 974 nonoarne
638 912 847 987 vesceretur,
864 902 912 972 illi
924 909 1073 974 mentem
1086 922 1208 994 puram

157 1018 346 1105 esionam,
368 1017 522 1110 lucisque
535 1018 740 1090 simillimam
758 1017 804 1088 ad
822 1017 905 1090 deus
922 1038 1104 1089 evasuram
1117 1017 1142 1090 ¹.

205 1135 347 1206 Necnon
369 1133 413 1204 de
420 1131 583 1232 pilorum
604 1147 759 1206 tonsura
776 1135 910 1206 dicebat
925 1159 932 1202 :
947 1133 1110 1208 Foerninei
1127 1154 1206 1207 mo-

155 1249 203 1320 ris
221 1271 309 1337 esse,
339 1270 409 1320 non
438 1250 563 1338 virilis,
590 1250 792 1322 calamistris
812 1250 972 1346 capillum
993 1251 1131 1321 inurere
1147 1258 1205 1322 aut

154 1367 277 1458 qrrovis
303 1376 402 1460 paeto
428 1364 578 1458 lingere3
608 1366 811 1460 philosopho
833 1365 1201 1453 eonvenientissimum‚

155 1485 292 1554 crinem
315 1479 462 1556 tondere
485 1484 544 1575 qui
563 1485 763 1578 plerumque
781 1487 824 1556 sil
840 1483 1094 1578 impedimento,
1118 1483 1203 1556 bar·

154 1597 234 1672 barn
249 1621 333 1672 varo
351 1601 540 1693 producere
551 1601 578 1668 ².

202 1713 397 1786 Exsutare
409 1737 491 1788 vero
504 1737 573 1788 non
585 1717 714 1791 malum
726 1723 791 1802 est,
803 1717 963 1806 quoniam
975 1715 1103 1808 ubique
1116 1716 1198 1802 sole,

154 1829 254 1918 eoelo,
281 1831 460 1918 sideribus,
492 1831 669 1904 hominum
687 1832 790 1904 etiam
812 1832 972 1904 societate
988 1830 1129 1920 utimur,
1160 1852 1202 1902 ao

153 1947 301 2018 mundus
313 1947 389 2020 uiro
402 1948 545 2040 sapienti
562 1969 643 2020 vere
662 1949 773 2040 patria
790 1956 856 2020 est.
871 1946 1015 2036 Deinde,
1028 1950 1063 2020 in
1081 1947 1202 2021 exsilio

152 2061 313 2134 valetudo
332 2085 423 2156 saepe
439 2063 591 2156 corporis
613 2075 648 2136 et
680 2064 785 2139 animi
802 2065 906 2134 robur
923 2064 1197 2156 eomparantur³.

201 2177 343 2269 Pigebat
373 2178 567 2250 Musonium
599 2178 792 2252 umbratilis
814 2179 904 2249 illius
923 2178 1110 2272 disciplinae
1132 2199 1201 2270 qua

152 2293 307 2384 magistri
319 2295 516 2384 utebantur,
537 2305 575 2366 ut
592 2295 776 2388 discipulos
789 2295 1009 2369 informarent
1023 2296 1069 2366 ad
1086 2295 1200 2388 philo-

151 2409 307 2502 sophiam
337 2431 436 2482 :non
468 2432 548 2482 vere
574 2410 794 2505 philosophos
820 2433 894 2484 esse
916 2411 1048 2485 dicebat
1072 2412 1131 2504 qui
1162 2411 1196 2480 in

151 2523 287 2615 scholis,
300 2523 335 2595 in
345 2525 431 2616 loru,
441 2525 476 2599 in
490 2525 626 2598 eireulis
638 2526 779 2599 urbanis
791 2527 833 2600 de
847 2526 1012 2621 sapientia
1023 2525 1197 2620 disputan·

150 2649 214 2728 tes,
226 2641 400 2734 ingenium
416 2665 549 2738 semper
567 2653 781 2732 exeroereot,
807 2665 931 2736 eorpus
955 2665 1039 2716 vero
1063 2653 1196 2738 torpere

150 2756 311 2829 sinerent.
327 2761 461 2844 Quanto
472 2760 577 2834 satius
586 2770 638 2832 est
653 2782 709 2834 res
721 2782 789 2835 non
801 2759 1193 2849 dissociabilesmiseere‚

150 2874 302 2966 eorporis
319 2875 594 2948 exercitationem
618 2885 650 2946 et
667 2876 917 2949 meditationem
935 2876 1062 2948 animi?
1090 2875 1196 2966 igitur

149 2987 390 3084 philosophum
403 2991 554 3062 maxime
571 2990 670 3062 decet
684 3013 821 3086 agrum
837 2988 968 3076 colere,
978 2993 1195 3087 pecuariam

137 3099 287 3200 facere,
305 3119 509 3203 terramque
523 3116 650 3178 aratro
659 3119 814 3178 vertere.
831 3105 920 3190 Quid
934 3105 1096 3198 impediat
1110 3106 1194 3198 quin

150 3217 305 3314 discipuli
328 3222 423 3292 illum
436 3221 575 3292 videant
589 3221 706 3293 labore
720 3243 845 3316 eorpus
858 3230 1072 3294 exeroentem
1086 3230 1120 3292 et
1141 3243 1190 3311 re,

148 3357 219 3408 non
228 3339 347 3426 verbo,
368 3338 710 3432 philosophantem⁴l

200 3453 472 3546 Interrogabatur
486 3454 662 3526 Musonius
673 3476 756 3524 num
769 3453 971 3547 philosopho
990 3454 1105 3526 liceret
1116 3474 1194 3526 oum

150 3569 187 3640 in
211 3570 269 3660 jus
287 3569 421 3642 trahere
444 3592 464 3641 a
486 3591 555 3662 quo
572 3569 643 3644 vim
663 3579 722 3641 aut
746 3569 899 3642 eonvieia
924 3569 1074 3642 tulisset?
1097 3569 1197 3640 Nullo

149 3685 263 3774 modo,
282 3685 410 3777 inquit;
430 3706 512 3758 nem
541 3685 601 3777 qui
614 3685 831 3771 verberatur,
855 3693 915 3758 aut
929 3684 1076 3756 ludibrio
1091 3683 1195 3756 habe-

149 3809 217 3891 tur,
234 3801 263 3872 is
277 3803 522 3894 nequemalum
537 3801 671 3895 accipit,
688 3801 920 3894 nequeullum
940 3801 1012 3893 ipse
1032 3801 1189 3872 admittit.

149 3917 233 3989 Cum
252 3929 366 3990 autem
386 3918 586 4014 philosopho
599 3939 732 3991 summa
746 3917 781 3988 in
795 3917 982 4011 hucposita
997 3917 1095 3992 sitne
1108 3918 1191 4012 quid

187 4129 193 4158 ¹
209 4133 290 4184 serm.
303 4151 366 4184 ινιτ.

184 4218 194 4246 ²
209 4221 292 4271 Serm.
305 4233 342 4272 vl.

185 4307 288 4360 'Serui
302 4328 410 4362 surm.
