3158 5158
622 503 656 514 -
675 476 724 530 ror
748 491 1005 513 -
1039 450 1162 518 ‘·.=:··.·
1190 471 1199 486 .
1242 475 1251 486 .

181 607 323 691 uterque
333 599 464 694 priores
474 598 626 669 imitatus
638 607 703 686 est,
720 621 788 670 non
799 608 836 669 ut
849 599 1024 692 interpreS,
1044 600 1104 672 sed
1118 601 1222 673 libere

180 723 213 786 et
229 724 361 810 sponte,
377 713 442 784 nisi
452 715 546 806 quod
564 716 692 786 Seneca
709 715 808 809 plura
820 715 894 808 ipse
907 736 1011 806 quam
1025 716 1110 786 alter
1131 717 1223 789 inve·

181 831 279 902 uerit.
296 833 444 922 Uterque
463 829 612 901 romanis
628 831 793 914 moribus,
814 830 919 902 latina
937 831 1128 922 eloquentia
1147 832 1222 926 phi-

180 946 370 1038 losophiam
396 946 572 1030 tractavit,
599 955 633 1015 et
661 945 810 1016 romanis
838 945 1047 1040 philosophis
1077 945 1247 1039 praebuit,

180 1062 367 1155 exemplar.

228 1173 357 1246 Aulus
382 1177 533 1248 Persius
556 1175 722 1248 Flaccus
746 1177 956 1268 pbilosophis
983 1177 1093 1268 magis
1120 1199 1224 1270 quam

177 1292 286 1388 poetis
302 1294 580 1365 annumerandus
593 1303 662 1384 est,
686 1315 765 1363 uam
784 1294 857 1384 ejus
883 1293 998 1364 satirae
1022 1293 1107 1363 nihil
1132 1293 1225 1365 aliud

179 1419 258 1480 sunt
280 1429 384 1500 quam
414 1411 529 1480 stoicae
560 1408 804 1503 disputationes
829 1407 984 1480 versibus
1016 1409 1224 1503 perscriptae.

179 1525 255 1596 Non
269 1522 407 1615 quidem
425 1526 560 1597 eosdem
580 1545 621 1594 ac
639 1525 768 1594 Seneca
787 1523 893 1594 audiit
921 1523 1119 1614 magisnec,
1144 1524 1224 1616 quia
1307 1509 1308 1515 ¹

178 1639 290 1710 minor
307 1647 402 1724 natu,
420 1639 478 1710 sed
501 1638 726 1724 Cornutum;
739 1648 774 1708 at
788 1638 923 1708 illorum
941 1638 1044 1708 libros
1058 1648 1149 1709 certe
1163 1661 1224 1710 no·

179 1764 286 1844 verat,
303 1775 367 1825 neo
381 1755 547 1824 Cornutus
561 1754 628 1824 alia
639 1754 720 1840 fere,
731 1775 834 1844 quam
847 1753 948 1824 ceteri
962 1753 1225 1847 sapientiae-pro·

179 1870 322 1941 sessores
348 1870 501 1942 docebat.
521 1869 570 1940 De
587 1870 735 1941 Cornuto
751 1891 857 1961 pauca
884 1869 1017 1958 dicam;
1039 1869 1130 1940 hunc
1153 1879 1225 1940 tru-

179 1985 264 2056 dunt
277 1987 318 2058 de
334 1983 512 2056 rhetorica
527 1982 639 2056 simul
653 1993 687 2056 et
693 1981 921 2083 philosophia
930 1986 1120 2079 scripsisse,
1147 2007 1227 2056 uec-

178 2124 247 2173 non
262 2102 304 2172 de
324 2114 465 2172 natura
485 2097 657 2171 deorum¹
678 2101 760 2171 :oui
783 2122 846 2193 pro
872 2100 972 2171 laude
992 2102 1056 2170 luit
1073 2099 1225 2172 Persium

177 2217 339 2289 hahuisse
357 2216 573 2310 discipulum.

221 2331 1222 2426 Persiusfamaquadamcelebratusest,quiasubobscurus.

179 2450 264 2518 Sunt
276 2449 437 2541 quaedam
451 2447 485 2517 iu
504 2449 576 2538 eJus
592 2446 703 2518 satiris
721 2469 800 2538 quae
820 2448 894 2518 luce
913 2456 1054 2538 egeant,
1069 2469 1113 2517 eo
1132 2449 1226 2539 quod

178 2565 455 2636 dellomanorum
467 2562 634 2648 moribus,
647 2572 706 2632 aut
717 2563 818 2633 rebus
829 2572 910 2632 tunc
925 2562 1130 2655 temporisin
1143 2564 1228 2633 urbe

177 2680 280 2771 gestis
307 2680 492 2772 malignam
518 2688 552 2750 et
581 2679 623 2750 de
644 2677 811 2750 industria
840 2678 1015 2771 obliquam
1048 2699 1229 2750 censuram

177 2805 333 2883 exercet,
360 2795 617 2887 legentibusque
641 2793 753 2864 minus
777 2803 928 2886 apertam
956 2801 1023 2864 :at
1042 2796 1141 2888 culpa
1158 2815 1228 2864 non

178 2909 381 2980 scribentem
391 2930 496 3001 penes
505 2920 569 2995 est,
579 2895 640 2978 sed
655 2910 836 2996 legentem,
851 2907 910 2999 qui
922 2919 1013 2977 caret
1026 2908 1182 2978 acumine
1195 2916 1229 2977 et

179 3025 263 3096 satis
281 3023 431 3115 diligenti
461 3045 575 3092 rerum
597 3023 800 3112 cognitione.
834 3021 900 3092 Sed
919 3031 998 3091 sunt
1020 3022 1086 3092 alia
1103 3023 1227 3114 quibus

178 3139 336 3210 affectata
353 3147 571 3230 contortaque
590 3135 723 3207 dicendi
738 3135 837 3222 ratio,
862 3157 930 3228 qua
958 3136 1015 3204 ille
1038 3135 1156 3225 utitur,
1177 3145 1226 3208 te-

178 3258 302 3328 nebras
315 3254 464 3343 induxit,
480 3263 513 3324 ct
527 3253 570 3324 de
584 3253 649 3323 hoc
665 3253 786 3324 merito
808 3252 856 3322 illi
877 3251 1157 3324 succensendum.
1178 3253 1226 3326 lla

180 3381 294 3442 autem
308 3371 344 3440 in
359 3368 505 3441 diceudo
522 3369 712 3439 obscuritas
723 3368 815 3462 apud
824 3368 976 3440 Persium
983 3367 1094 3459 jejuni
1107 3377 1142 3438 et
1153 3369 1226 3440 exi·

179 3486 221 3556 lis
244 3485 371 3577 ingenii
400 3483 561 3556 iudicium
585 3491 648 3554 est.
678 3485 750 3554 Hoc
775 3485 864 3555 enim
895 3484 1009 3556 Persio
1032 3483 1224 3577 proprium,

178 3601 270 3694 quod
286 3600 370 3671 nihil
389 3613 439 3672 est
453 3601 488 3671 iu
503 3622 544 3672 eo
563 3599 703 3694 proprii,
726 3600 787 3671 sed
800 3599 913 3670 omnia
927 3597 1050 3670 aliena.
1063 3598 1166 3670 Nulla
1177 3599 1226 3670 illi

179 3717 232 3788 vis
245 3715 475 3806 excogitandi,
489 3715 582 3786 nulla
597 3714 790 3784 inveniendi
809 3715 972 3801 facultas,
993 3715 1055 3784 sed
1067 3736 1147 3806 quae
1165 3737 1226 3786 ce-

180 3833 242 3903 teri
261 3832 296 3902 in
314 3831 437 3903 scholis
450 3852 552 3924 prosa
565 3831 717 3902 oratione
730 3829 974 3918 edisserebaut,
995 3828 1152 3902 versibus
1170 3829 1226 3902 ille

180 3949 407 4042 persequitur.
424 3947 507 4017 Cum
529 3969 611 4018 vero
637 3968 691 4017 res
709 3946 915 4041 J'ampridem
946 3953 1045 4016 notas
1063 3945 1226 4040 tritasque¹

181 4064 338 4154 attingat,
359 4064 390 4133 ei
413 4085 550 4135 necesse
573 4063 722 4147 videtur,
749 4064 853 4133 verba
873 4062 1064 4149 immutare,
1081 4070 1113 4132 et
1136 4083 1226 4134 novo

218 4264 225 4292 ¹
241 4269 275 4320 V.
285 4267 400 4318 Suidam.
416 4293 452 4306 -
463 4269 590 4318 cornutus
604 4269 752 4331 Leptitanus
772 4272 834 4328 crat,
853 4272 878 4318 et
891 4279 970 4330 grace
984 4269 1100 4318 docebat.
1115 4267 1225 4317 -Vide

181 4357 214 4407 de
231 4369 262 4407 co
278 4358 326 4408 sat.
348 4369 374 4407 r.
394 4355 485 4406 Persll.
509 4357 595 4407 Exstat
618 4358 692 4408 liber.
707 4354 745 4408 Dc
759 4357 817 4408 net.
833 4349 925 4418 deor..
946 4356 986 4407 cul
1005 4357 1110 4408 Cornutl
1131 4369 1224 4410 nomeu

182 4445 341 4507 rescribitur.
356 4444 479 4506 audebat
490 4444 566 4506 coru
578 4447 691 4508 verubus
701 4447 837 4515 cunutus,
850 4450 875 4502 et
884 4446 1059 4521 grammatice.
