3168 5150
834 394 972 448 ..50-

381 521 475 600 ditos
501 543 680 594 secutores
708 519 735 608 ¹,
763 521 900 592 crebras
932 528 965 590 et
993 539 1087 611 saepe
1115 530 1266 587 rrzutuas
1297 513 1423 586 adnm·

381 641 531 712 nitmnes
549 639 575 729 ²,
600 657 678 710 cum
689 636 733 708 de
749 635 920 709 communi
941 636 1031 706 malo
1050 634 1137 704 inter
1153 656 1192 706 se
1206 632 1421 722 dissererent,

380 764 414 826 et
431 753 519 826 alter
537 752 633 826 alteri
659 753 811 826 animum
829 752 987 846 aperiret,
1012 759 1050 820 ut
1063 750 1180 822 videre
1203 758 1254 820 est
1278 751 1313 819 in
1339 749 1426 819 libro

380 867 428 942 de
449 865 734 966 Tranquillitas
744 870 908 945 Serenum
921 889 942 938 a
957 868 1086 938 Seneca
1100 865 1239 938 consilia
1252 865 1426 961 postulan-

381 985 588 1068 temonem
604 983 733 1071 mitem,
747 1005 852 1076 quam
869 1005 948 1056 vere
965 981 1110 1077 petriam
1129 981 1291 1074 magister
1305 982 1338 1056 in
1358 981 1429 1050 dis-

380 1099 531 1192 cipulum
548 1099 699 1169 indueret
713 1099 910 1186 amicitiam,
929 1120 1033 1190 quam
1053 1097 1129 1190 pius
1143 1106 1233 1168 esset
1250 1119 1333 1188 erga
1349 1117 1428 1166 me-

380 1215 525 1307 gistrum
539 1214 738 1308 discipulus,
749 1214 1006 1289 celebratissimi
1019 1212 1169 1286 A.Persii
1184 1235 1304 1286 versus
1315 1221 1430 1284 osten-

382 1331 467 1402 dunt
484 1331 511 1399 ³.
533 1331 582 1400 Ea
600 1339 716 1402 autem
727 1331 861 1424 privata
878 1340 910 1402 et
922 1329 1114 1401 umbratilis
1126 1328 1301 1422 sapientise
1321 1327 1428 1400 disei-

382 1446 476 1540 plina
490 1466 560 1518 non
577 1446 677 1517 modo
689 1445 882 1518 emdiendis
898 1445 1167 1518 adolescentibus
1186 1443 1423 1532 adhibebatur,

383 1559 653 1647 sedadomnem,
663 1560 737 1632 sive
750 1561 982 1652 aetatem,sive
998 1560 1224 1632 conditionem
1240 1558 1425 1652 spectabat.

382 1671 1425 1770 Eratphilosophi,sicinprivatodocentis,moestosconsolari,

383 1791 418 1864 in
437 1793 539 1866 rebus
553 1791 665 1863 dubiis
676 1791 821 1863 incertos
830 1792 990 1884 dirigere,
1005 1792 1154 1887 trepidos
1168 1789 1380 1880 confirmare,
1395 1797 1429 1859 et

383 1907 502 1999 siquid
513 1907 641 1977 fortiter
654 1909 893 1998 autagendum
905 1909 1168 2001 autpatiendum
1182 1915 1286 1994 esset,
1299 1901 1430 1976 adhor-

384 2025 469 2093 tari.
485 2023 560 2106 Quo
574 2044 713 2096 munere
732 2023 883 2116 fungitur
902 2025 1026 2096 stoicus
1044 2025 1099 2096 ille
1112 2025 1184 2117 qui,
1201 2045 1279 2095 cum
1296 2044 1316 2093 e
1331 2021 1431 2093 Mer-

383 2139 505 2210 oellino
518 2139 562 2210 de
575 2148 683 2214 morte
694 2138 902 2212 deliberante
921 2151 1162 2230 arcesserem,
1183 2141 1230 2212 ita
1249 2135 1424 2212 disseruit:

387 2277 405 2321 u
426 2254 516 2343 Noli,
535 2253 582 2323 mi
599 2254 804 2344 Marcelline,
821 2257 984 2348 torqueri,
1004 2265 1170 2349 tanquam
1189 2255 1232 2325 de
1249 2277 1286 2326 re
1304 2272 1430 2344 magna

386 2394 404 2440 u
434 2369 614 2444 deliberes.
630 2369 706 2442 Non
722 2380 774 2442 est
791 2393 846 2442 res
859 2373 1122 2464 magnavivere.
1140 2373 1267 2443 Omnes
1278 2369 1429 2441 servitui

386 2509 404 2556 n
433 2485 568 2574 vivunt,
587 2485 703 2556 omnia
723 2485 896 2560 animalia.
912 2487 1075 2578 Magnum
1094 2497 1147 2558 est
1168 2486 1309 2560 honeste
1327 2484 1427 2571 mori,

386 2625 404 2670 n
432 2601 631 2694 pmdenter,
650 2602 793 2674 fortiter.
815 2602 932 2693 Cogita
949 2603 1102 2696 quandiu
1114 2604 1187 2693 jam
1206 2602 1296 2676 idem
1311 2600 1427 2672 iacias.

387 2745 405 2786 n
436 2716 552 2802 Cibus,
571 2738 722 2806 somnus,
749 2717 878 2788 libido:
904 2740 965 2811 per
982 2717 1074 2791 hunc
1091 2716 1254 2788 circulum
1268 2716 1426 2787 curritur.

386 2854 406 2902 n
434 2832 520 2903 Mori
544 2832 632 2904 vello
654 2853 721 2904 non
736 2842 869 2904 tantum
887 2833 1036 2926 prudens
1055 2843 1090 2906 et
1106 2833 1216 2924 sortiS,
1240 2843 1299 2905 aut
1311 2832 1427 2919 miser,

388 2975 406 3018 n
434 2946 496 3020 sed
515 2948 618 3019 etiam
633 2949 827 3021 fastidiosus
840 2957 951 3043 potest
967 2950 995 3017 ⁴.
1012 2973 1031 3017 s

433 3066 533 3158 Saepe
552 3066 655 3138 etiam
673 3065 777 3137 fiebat
796 3065 845 3136 uti
867 3065 1090 3159 philosophus
1110 3064 1301 3158 ipsealtero
1321 3071 1430 3132 utere·

386 3189 441 3253 tur
455 3180 657 3274 philosopho
670 3203 773 3272 quem
794 3180 977 3251 identidem
1000 3181 1202 3268 consuleret,
1219 3190 1254 3250 et
1271 3198 1377 3271 aquo
1393 3176 1429 3246 in

385 3296 498 3367 dubiis
525 3298 628 3368 rebus
650 3293 856 3368 reficeretur.
884 3296 1154 3390 Prosequebatur
1180 3295 1273 3368 enim
1300 3295 1430 3368 Canum

386 3412 525 3502 lulium,
557 3413 602 3490 ad
627 3420 772 3483 mortem
802 3413 998 3503 abductum,
1031 3436 1114 3486 suus
1141 3411 1365 3506 philosophus
1392 3411 1426 3499 ⁶3

424 3576 430 3603 ¹
448 3593 463 3624 s
475 3581 587 3629 Remove
602 3577 684 3628 studia
695 3581 772 3628 totam
785 3579 862 3628 vitam
878 3583 995 3640 tructeta3
1011 3593 1078 3629 mors
1091 3579 1122 3629 de
1135 3583 1159 3629 te
1174 3579 1366 3641 pronuntiatura
1380 3579 1427 3627 est.

386 3669 424 3718 Ita
439 3667 494 3717 dieo
514 3667 696 3730 disputationes
712 3671 738 3718 et
757 3667 867 3718 litterata
886 3668 1028 3734 colloquia,
1043 3675 1068 3718 et
1082 3681 1112 3718 er
1132 3667 1262 3731 preceptis
1277 3666 1430 3730 sapientium

387 3756 464 3807 verba
478 3757 598 3822 collecta,
613 3762 640 3809 st
658 3758 770 3809 eruditus
785 3769 868 3808 sermo
883 3771 935 3808 nou
950 3758 1090 3809 ostendunt
1104 3771 1191 3809 verum
1210 3757 1287 3808 robur
1304 3755 1397 3806 animi.
1413 3772 1427 3800 »

387 3845 437 3908 Ep.
451 3864 523 3898 xxvi.

425 3931 434 3960 ²
450 3948 465 3988 u
480 3935 517 3985 De
532 3934 738 3992 communimus
753 3939 838 3990 mcum
850 3935 990 4000 colloquor.
1007 3954 1018 3982 ι
1035 3937 1083 3998 Ep.
1100 3927 1429 4002 mie-Secretusqu-

389 4033 466 4090 mur,
479 4026 528 4075 etc.
545 4024 572 4074 S.
585 4037 611 4082 v.
625 4023 669 4076 22.
1187 4080 1190 4086 ,

423 4109 526 4178 ³Vorez
544 4113 613 4164 satir.
636 4114 663 4164 5.
679 4114 894 4176 -Plrilodemus
919 4114 974 4167 loco
995 4115 1094 4167 citato:
1119 4132 1132 4160 o
1152 4113 1257 4177 Sapiens
1277 4110 1428 4167 indicendi

396 4202 512 4253 libertate
524 4201 642 4252 blandus.
656 4217 671 4252 u
684 4203 748 4266 Gap.
764 4205 790 4254 5.

424 4286 433 4316 ⁴
446 4291 494 4352 Ep.
507 4308 601 4341 nxxvrr.

426 4375 434 4404 ⁵
447 4375 486 4430 Dc
495 4380 587 4448 tranq.
599 4375 686 4432 onim.
704 4379 748 4431 ii.
