3158 5158
838 773 895 845 lx.

346 996 382 1048 be
393 993 489 1045 Annaeo
499 992 594 1044 Seneca
609 1001 634 1044 ct
646 993 676 1043 tl.
688 991 772 1042 Persio
784 992 883 1043 Flacco.
896 1017 925 1029 -
940 990 1003 1054 Quid
1023 989 1149 1054 magistris
1170 990 1222 1040 suis
1242 987 1387 1051 debuerint,

448 1075 509 1140 quid
524 1075 688 1140 temporibus.
700 1073 803 1137 -Quid
818 1073 845 1125 in
859 1073 920 1139 ipsis
930 1073 1060 1138 proprium
1071 1071 1102 1121 sit
1115 1084 1143 1121 uc
1157 1071 1292 1134 peculiare.

397 1257 548 1329 Annaeus
573 1259 714 1346 Seneca,
742 1254 895 1342 Fabiani,
924 1252 1041 1342 Attali,
1065 1251 1212 1323 Sotionis
1241 1250 1387 1336 auditor,

348 1377 469 1464 multa,
495 1383 534 1443 ut
555 1373 628 1467 ipse
651 1372 785 1461 fatetur,
807 1391 828 1440 a
852 1369 1024 1462 magistris
1052 1369 1209 1462 sumpsit,
1234 1377 1268 1438 ct
1293 1368 1390 1460 plura

349 1501 440 1564 certe
458 1509 653 1583 quamquae
666 1509 711 1559 cx
724 1508 842 1558 eorum
857 1483 1143 1579 disputationibus
1156 1494 1217 1554 ant
1234 1483 1330 1556 libris
1344 1491 1392 1553 at-

350 1605 437 1676 tulit.
460 1605 560 1677 blodo
579 1603 818 1677 adnotavimus
840 1611 943 1696 atque
960 1602 996 1672 in
1016 1601 1171 1673 ordinem
1192 1598 1392 1690 digessimus

351 1720 547 1808 sententias,
568 1741 655 1813 quas
674 1720 738 1791 sub
758 1740 877 1790 eorum
890 1718 1027 1789 nomine
1045 1718 1184 1811 profert,
1211 1716 1393 1810 praeclaras

350 1836 489 1930 quidem
507 1857 547 1907 ac
565 1837 648 1906 satis
663 1837 807 1924 multas;
828 1844 1008 1929 praeterea,
1021 1833 1154 1927 quoties
1168 1834 1211 1903 de
1223 1830 1393 1923 magistris

352 1952 514 2044 loquitur,
539 1971 598 2021 cos
624 1951 765 2021 summis
790 1960 933 2021 exornat
955 1949 1128 2036 laudibus,
1158 1958 1192 2020 et
1216 1947 1391 2036 facundos,

353 2077 385 2137 ct
404 2087 541 2158 graves,
562 2075 595 2135 et
615 2065 754 2136 subtiles
774 2066 876 2136 fuisse
895 2073 1082 2153 asseverat,
1099 2063 1261 2155 librisque
1278 2083 1394 2134 corum

355 2203 390 2252 se
408 2203 512 2274 quam
533 2180 682 2251 maxime
697 2181 828 2251 utinen
850 2189 952 2272 negat
966 2179 998 2270 1;
1021 2178 1113 2250 unde
1128 2181 1207 2271 jure
1224 2177 1396 2249 existimes

354 2297 541 2387 hominem,
569 2296 714 2390 plurima
736 2308 884 2369 ceterum
908 2299 1074 2389 legentem
1097 2299 1124 2385 2,
1148 2318 1307 2390 maguam
1326 2297 1396 2366 uim

355 2436 470 2485 rerum
486 2414 738 2506 verborumque
755 2435 799 2485 ex
820 2414 860 2484 iis
882 2415 1030 2484 fontibus
1051 2413 1218 2484 hausisse.
1243 2413 1343 2498 Quod
1368 2412 1398 2482 si

357 2530 465 2602 addas
482 2530 639 2613 Zenonis,
669 2529 861 2624 Chrysippi,
888 2531 1037 2624 Epicuri,
1065 2530 1261 2619 Metrodori,
1285 2529 1399 2601 Theo-

356 2643 487 2740 phrasti
521 2644 638 2735 libros,
673 2645 892 2717 Posidonium
927 2668 968 2717 ac
994 2646 1196 2734 Panaetium,
1227 2654 1399 2738 totamque

358 2761 452 2830 illam
470 2761 671 2830 socraticam
689 2760 841 2848 domum,
862 2771 896 2832 et
909 2759 1130 2832 bibliothecas
1153 2782 1299 2853 graecas,
1318 2758 1399 2830 inii-

360 2875 430 2945 nita
441 2874 656 2946 multitudine
682 2875 885 2969 scriptorum
902 2877 1043 2947 refertas
1051 2877 1078 2966 ³,
1098 2894 1400 2970 quamnonpauca

361 2989 489 3061 Seneca
505 2999 620 3060 noster
635 2989 678 3061 sit
695 2989 845 3061 imitatus
857 2990 952 3062 sacile
965 2991 1138 3082 conjicies.
1153 2991 1210 3082 At,
1229 2992 1271 3063 de
1284 3011 1400 3062 recen·

362 3106 505 3176 tionibus
523 3104 734 3199 philosophis
746 3106 801 3176 hic
817 3116 960 3177 tanturn.
979 3147 1025 3160 -
1038 3105 1157 3198 Igitur,
1173 3085 1306 3200 quoties
1320 3106 1401 3178 stoi·

364 3243 481 3292 corum
489 3220 706 3292 subtilitatem
718 3231 753 3292 et
761 3222 911 3312 argutias
921 3222 1008 3294 ridet
1017 3223 1248 3294 accontemnit
1259 3221 1400 3309 Seneca,

365 3358 442 3407 eum
461 3335 609 3406 Fabiano
623 3345 656 3405 et
667 3335 850 3424 Sexti0,ne
861 3335 972 3407 dicam
985 3337 1156 3426 Cicerone,
1174 3338 1254 3408 iacit
1265 3339 1295 3428 ⁴3
1316 3358 1401 3430 quo·

365 3451 428 3523 ties
447 3451 561 3522 omnia
575 3450 619 3521 ad
637 3471 748 3521 mores
767 3460 799 3521 et
817 3451 862 3522 ad
879 3451 1017 3524 vivendi
1037 3451 1271 3544 moriendique
1290 3452 1403 3524 scien-

366 3567 448 3637 tiam
460 3568 575 3654 refert,
589 3566 784 3638 eornmdem
796 3567 948 3659 seqnitur
959 3568 1155 3662 exempla⁵3
1171 3589 1249 3639 cum
1261 3568 1297 3638 in
1316 3567 1404 3639 divi·

366 3680 444 3772 tias,
462 3679 648 3772 luxuriam,
663 3680 839 3754 libidinem
851 3681 1035 3772 invehitur,
1049 3680 1200 3754 Attalum
1209 3682 1401 3769 imitatur⁶;

404 3917 543 3985 ¹1lp.m.

404 4005 448 4056 ’a
477 4009 606 4072 Quidquid
634 4010 741 4061 lectione
769 4010 901 4062 collectum
932 4014 970 4062 cst
996 4009 1067 4062 stilus
1093 4009 1184 4074 redigit
1212 4009 1239 4060 in
1265 4018 1363 4071 corpus.
1390 4022 1405 4053 e

368 4095 428 4162 (Ep.
452 4095 568 4165 mxlv.)
868 4099 871 4110 '

405 4181 415 4212 ⁸
433 4186 528 4252 dicen,
540 4181 572 4250 Q.
591 4181 680 4254 Tusa,
692 4205 725 4252 n,
740 4187 767 4237 2.

406 4273 415 4304 ⁴
437 4270 474 4327 Dt
489 4271 563 4328 brev.
576 4273 638 4338 vt't„
653 4295 687 4338 x,
702 4295 756 4329 xrv.
770 4303 802 4314 -
817 4279 865 4340 Ep.
879 4294 945 4328 nxuv.

407 4360 417 4390 ⁸
435 4364 500 4414 Vide
515 4378 569 4426 cap.
582 4383 629 4425 vn,
647 4378 703 4428 pag.
716 4367 760 4417 45.

407 4450 568 4515 “Epiakon
